<?xml version="1.0" encoding="UTF-8"?>
<!DOCTYPE html PUBLIC "-//W3C//DTD XHTML 1.0 Transitional//EN"
    "http://www.w3.org/TR/xhtml1/DTD/xhtml1-transitional.dtd">
<html xmlns="http://www.w3.org/1999/xhtml" xml:lang="en" lang="en">
 <head>
  <title>
</title>
<meta http-equiv="Content-Type" content="text/html;charset=utf-8" />
  <meta name='ocr-system' content='tesseract 3.04.00' />
  <meta name='ocr-capabilities' content='ocr_page ocr_carea ocr_par ocr_line ocrx_word'/>
</head>
<body>
  <div class='ocr_page' id='page_1' title='image "./ritualeecclesid01churgoog_0212.png"; bbox 0 0 2984 4920; ppageno 0'>
   <div class='ocr_carea' id='block_1_1' title="bbox 549 435 945 480">
    <p class='ocr_par' dir='ltr' id='par_1_1' title="bbox 549 435 945 480">
     <span class='ocr_line' id='line_1_1' title="bbox 549 435 945 480; baseline -0.005 0"><span class='ocrx_word' id='word_1_1' title='bbox 549 436 786 480; x_wconf 79' lang='lat' dir='ltr'><strong>ANGLO·SAXON</strong></span> <span class='ocrx_word' id='word_1_2' title='bbox 811 435 945 479; x_wconf 81' lang='lat' dir='ltr'><strong>RITUAL·</strong></span> 
     </span>
    </p>
   </div>
   <div class='ocr_carea' id='block_1_2' title="bbox 404 682 1195 761">
    <p class='ocr_par' dir='ltr' id='par_1_2' title="bbox 404 682 1195 761">
     <span class='ocr_line' id='line_1_2' title="bbox 404 682 1195 761; baseline 0.005 -5"><span class='ocrx_word' id='word_1_3' title='bbox 404 714 670 760; x_wconf 83' lang='lat' dir='ltr'><strong>INTERPRETATIO</strong></span> <span class='ocrx_word' id='word_1_4' title='bbox 694 717 839 761; x_wconf 84' lang='lat' dir='ltr'>NOMINIS</span> <span class='ocrx_word' id='word_1_5' title='bbox 862 716 1091 761; x_wconf 84' lang='lat' dir='ltr'><strong>SACERDOTUM·</strong></span> <span class='ocrx_word' id='word_1_6' title='bbox 1192 682 1195 688; x_wconf 31' lang='grc' dir='ltr'>Ι</span> 
     </span>
    </p>
   </div>
   <div class='ocr_carea' id='block_1_3' title="bbox 217 845 1324 991">
    <p class='ocr_par' dir='ltr' id='par_1_3' title="bbox 217 845 1324 991">
     <span class='ocr_line' id='line_1_3' title="bbox 343 845 1181 911; baseline 0 -17"><span class='ocrx_word' id='word_1_7' title='bbox 343 847 420 894; x_wconf 77' lang='lat' dir='ltr'>sacerd</span> <span class='ocrx_word' id='word_1_8' title='bbox 506 845 571 896; x_wconf 59' lang='lat' dir='ltr'>dissi</span> <span class='ocrx_word' id='word_1_9' title='bbox 624 864 691 896; x_wconf 86' lang='lat' dir='ltr'>nome</span> <span class='ocrx_word' id='word_1_10' title='bbox 755 850 895 911; x_wconf 80' lang='lat' dir='ltr'>gebrycsade</span> <span class='ocrx_word' id='word_1_11' title='bbox 922 864 969 896; x_wconf 81' lang='lat' dir='ltr'>vaes</span> <span class='ocrx_word' id='word_1_12' title='bbox 1084 845 1181 895; x_wconf 82' lang='lat' dir='ltr'>Melchi&#39;</span> 
     </span>
     <span class='ocr_line' id='line_1_4' title="bbox 217 908 1324 991; baseline 0 -20"><span class='ocrx_word' id='word_1_13' title='bbox 217 908 277 991; x_wconf 85' lang='lat'><strong>(1.)</strong></span> <span class='ocrx_word' id='word_1_14' title='bbox 301 909 472 985; x_wconf 83' lang='lat' dir='ltr'>Sacerdos3</span> <span class='ocrx_word' id='word_1_15' title='bbox 502 909 577 974; x_wconf 94' lang='lat' dir='ltr'>huic</span> <span class='ocrx_word' id='word_1_16' title='bbox 598 910 725 974; x_wconf 89' lang='lat' dir='ltr'>nomine</span> <span class='ocrx_word' id='word_1_17' title='bbox 758 913 886 976; x_wconf 80' lang='lat' dir='ltr'>functus</span> <span class='ocrx_word' id='word_1_18' title='bbox 923 919 973 975; x_wconf 99' lang='grc' dir='ltr'>θεῖ</span> <span class='ocrx_word' id='word_1_19' title='bbox 1005 908 1252 984; x_wconf 84' lang='lat' dir='ltr'>Melchisedech,</span> <span class='ocrx_word' id='word_1_20' title='bbox 1291 917 1324 972; x_wconf 90' lang='lat' dir='ltr'>et</span> 
     </span>
    </p>
   </div>
   <div class='ocr_carea' id='block_1_4' title="bbox 168 1010 1325 1327">
    <p class='ocr_par' dir='ltr' id='par_1_4' title="bbox 168 1010 1325 1327">
     <span class='ocr_line' id='line_1_5' title="bbox 196 1010 1300 1075; baseline -0.002 -17"><span class='ocrx_word' id='word_1_21' title='bbox 196 1025 266 1059; x_wconf 86' lang='lat' dir='ltr'>aaron</span> <span class='ocrx_word' id='word_1_22' title='bbox 340 1012 404 1061; x_wconf 86' lang='lat' dir='ltr'>serist</span> <span class='ocrx_word' id='word_1_23' title='bbox 468 1013 494 1059; x_wconf 92' lang='lat' dir='ltr'>in</span> <span class='ocrx_word' id='word_1_24' title='bbox 551 1029 571 1061; x_wconf 85' lang='lat' dir='ltr'>ae</span> <span class='ocrx_word' id='word_1_25' title='bbox 669 1014 823 1062; x_wconf 84' lang='lat' dir='ltr'>sacerdlichad</span> <span class='ocrx_word' id='word_1_26' title='bbox 903 1029 971 1062; x_wconf 90' lang='lat' dir='ltr'>nome</span> <span class='ocrx_word' id='word_1_27' title='bbox 1036 1013 1120 1075; x_wconf 80' lang='lat' dir='ltr'>onlong</span> <span class='ocrx_word' id='word_1_28' title='bbox 1178 1025 1195 1074; x_wconf 99' lang='grc' dir='ltr'>Ἰ</span> <span class='ocrx_word' id='word_1_29' title='bbox 1252 1010 1300 1057; x_wconf 82' lang='lat' dir='ltr'>irco</span> 
     </span>
     <span class='ocr_line' id='line_1_6' title="bbox 168 1071 1325 1165; baseline -0.002 -29"><span class='ocrx_word' id='word_1_30' title='bbox 168 1074 277 1137; x_wconf 83' lang='lat' dir='ltr'><strong>Aaron</strong></span> <span class='ocrx_word' id='word_1_31' title='bbox 314 1074 435 1165; x_wconf 88' lang='lat' dir='ltr'>primus</span> <span class='ocrx_word' id='word_1_32' title='bbox 464 1074 497 1138; x_wconf 91' lang='lat' dir='ltr'>in</span> <span class='ocrx_word' id='word_1_33' title='bbox 527 1075 597 1159; x_wconf 86' lang='lat' dir='ltr'>lege</span> <span class='ocrx_word' id='word_1_34' title='bbox 621 1076 848 1141; x_wconf 83' lang='lat' dir='ltr'>sacerdotalem</span> <span class='ocrx_word' id='word_1_35' title='bbox 877 1098 993 1141; x_wconf 91' lang='lat' dir='ltr'>nomen</span> <span class='ocrx_word' id='word_1_36' title='bbox 1018 1075 1141 1160; x_wconf 90' lang='lat' dir='ltr'>accepit</span> <span class='ocrx_word' id='word_1_37' title='bbox 1171 1083 1204 1137; x_wconf 91' lang='grc' dir='ltr'>θῖ</span> <span class='ocrx_word' id='word_1_38' title='bbox 1232 1071 1325 1136; x_wconf 90' lang='lat' dir='ltr'>liberi</span> 
     </span>
     <span class='ocr_line' id='line_1_7' title="bbox 185 1173 1298 1242; baseline 0 -21"><span class='ocrx_word' id='word_1_39' title='bbox 185 1173 222 1221; x_wconf 89' lang='lat' dir='ltr'>his</span> <span class='ocrx_word' id='word_1_40' title='bbox 385 1179 431 1226; x_wconf 66' lang='grc' dir='ltr'>καθ’</span> <span class='ocrx_word' id='word_1_41' title='bbox 543 1176 710 1240; x_wconf 71' lang='lat' dir='ltr'>genomaebit</span> <span class='ocrx_word' id='word_1_42' title='bbox 755 1178 831 1227; x_wconf 60' lang='lat' dir='ltr'>daile</span> <span class='ocrx_word' id='word_1_43' title='bbox 865 1194 882 1242; x_wconf 92' lang='grc' dir='ltr'>Ἰ</span> <span class='ocrx_word' id='word_1_44' title='bbox 978 1194 1041 1226; x_wconf 81' lang='lat' dir='ltr'>meas</span> <span class='ocrx_word' id='word_1_45' title='bbox 1169 1175 1298 1238; x_wconf 84' lang='lat' dir='ltr'>genomnad</span> 
     </span>
     <span class='ocr_line' id='line_1_8' title="bbox 170 1235 1323 1327; baseline 0.001 -29"><span class='ocrx_word' id='word_1_46' title='bbox 170 1236 248 1320; x_wconf 88' lang='lat' dir='ltr'>ejus.</span> <span class='ocrx_word' id='word_1_47' title='bbox 310 1239 496 1307; x_wconf 78' lang='lat' dir='ltr'>Sacerdotes</span> <span class='ocrx_word' id='word_1_48' title='bbox 526 1241 729 1305; x_wconf 82' lang='lat' dir='ltr'><strong>nominantur</strong></span> <span class='ocrx_word' id='word_1_49' title='bbox 766 1242 821 1327; x_wconf 94' lang='lat' dir='ltr'>qui</span> <span class='ocrx_word' id='word_1_50' title='bbox 858 1241 891 1306; x_wconf 84' lang='grc' dir='ltr'>θῖ</span> <span class='ocrx_word' id='word_1_51' title='bbox 927 1239 1103 1327; x_wconf 82' lang='lat' dir='ltr'>presbyteri</span> <span class='ocrx_word' id='word_1_52' title='bbox 1139 1235 1323 1321; x_wconf 87' lang='lat' dir='ltr'>nuncupati,</span> 
     </span>
    </p>
   </div>
   <div class='ocr_carea' id='block_1_5' title="bbox 170 1340 1270 1492">
    <p class='ocr_par' dir='ltr' id='par_1_5' title="bbox 170 1340 1270 1492">
     <span class='ocr_line' id='line_1_9' title="bbox 180 1340 1270 1407; baseline -0.013 -7"><span class='ocrx_word' id='word_1_53' title='bbox 180 1340 282 1400; x_wconf 62' lang='grc' dir='ltr'>ιιΡῡῐῧῖῐὶ</span> <span class='ocrx_word' id='word_1_54' title='bbox 320 1341 341 1389; x_wconf 71' lang='lat'>1⁸</span> <span class='ocrx_word' id='word_1_55' title='bbox 399 1344 419 1403; x_wconf 58' lang='grc' dir='ltr'><strong><em>ὕ</em></strong></span> <span class='ocrx_word' id='word_1_56' title='bbox 501 1341 597 1405; x_wconf 75' lang='lat' dir='ltr'>meesp&#39;</span> <span class='ocrx_word' id='word_1_57' title='bbox 664 1359 680 1407; x_wconf 81' lang='grc' dir='ltr'>Ἰ</span> <span class='ocrx_word' id='word_1_58' title='bbox 736 1345 807 1393; x_wconf 88' lang='lat' dir='ltr'>bisco&#39;</span> <span class='ocrx_word' id='word_1_59' title='bbox 921 1347 966 1392; x_wconf 83' lang='lat' dir='ltr'>sac&#39;</span> <span class='ocrx_word' id='word_1_60' title='bbox 1045 1341 1270 1404; x_wconf 61' lang='lat' dir='ltr'>bidongenomnodo</span> 
     </span>
     <span class='ocr_line' id='line_1_10' title="bbox 170 1399 1240 1492; baseline 0.003 -30"><span class='ocrx_word' id='word_1_61' title='bbox 170 1399 288 1466; x_wconf 82' lang='lat' dir='ltr'>lactum</span> <span class='ocrx_word' id='word_1_62' title='bbox 303 1413 352 1468; x_wconf 91' lang='lat' dir='ltr'>est</span> <span class='ocrx_word' id='word_1_63' title='bbox 367 1405 452 1492; x_wconf 84' lang='lat' dir='ltr'>quod</span> <span class='ocrx_word' id='word_1_64' title='bbox 461 1405 644 1490; x_wconf 87' lang='lat' dir='ltr'>presbyteri</span> <span class='ocrx_word' id='word_1_65' title='bbox 659 1417 692 1472; x_wconf 91' lang='lat' dir='ltr'>et</span> <span class='ocrx_word' id='word_1_66' title='bbox 707 1407 848 1492; x_wconf 87' lang='lat' dir='ltr'>episcopi</span> <span class='ocrx_word' id='word_1_67' title='bbox 863 1407 1041 1472; x_wconf 85' lang='lat' dir='ltr'>sacerdotes</span> <span class='ocrx_word' id='word_1_68' title='bbox 1078 1402 1240 1468; x_wconf 83' lang='lat' dir='ltr'>nominati.</span> 
     </span>
    </p>
   </div>
   <div class='ocr_carea' id='block_1_6' title="bbox 216 1536 1323 1684">
    <p class='ocr_par' dir='ltr' id='par_1_6' title="bbox 216 1536 1323 1684">
     <span class='ocr_line' id='line_1_11' title="bbox 333 1536 1305 1601; baseline 0 -17"><span class='ocrx_word' id='word_1_69' title='bbox 333 1536 379 1584; x_wconf 91' lang='lat' dir='ltr'>heh</span> <span class='ocrx_word' id='word_1_70' title='bbox 389 1536 460 1587; x_wconf 76' lang='lat' dir='ltr'>faeder</span> <span class='ocrx_word' id='word_1_71' title='bbox 534 1536 589 1584; x_wconf 81' lang='lat' dir='ltr'>faed&#39;</span> <span class='ocrx_word' id='word_1_72' title='bbox 629 1538 711 1586; x_wconf 88' lang='lat' dir='ltr'>creciso</span> <span class='ocrx_word' id='word_1_73' title='bbox 751 1539 864 1601; x_wconf 80' lang='grc' dir='ltr'>ἸΙεθ...</span> <span class='ocrx_word' id='word_1_74' title='bbox 887 1539 917 1587; x_wconf 86' lang='lat' dir='ltr'>ah</span> <span class='ocrx_word' id='word_1_75' title='bbox 977 1555 1010 1588; x_wconf 87' lang='lat' dir='ltr'>aec</span> <span class='ocrx_word' id='word_1_76' title='bbox 1074 1539 1160 1586; x_wconf 84' lang='lat' dir='ltr'>ebresc‘</span> <span class='ocrx_word' id='word_1_77' title='bbox 1257 1539 1305 1598; x_wconf 86' lang='lat' dir='ltr'>pat&#39;</span> 
     </span>
     <span class='ocr_line' id='line_1_12' title="bbox 216 1598 1323 1684; baseline 0.002 -22"><span class='ocrx_word' id='word_1_78' title='bbox 216 1600 275 1683; x_wconf 68' lang='lat'><strong>(2.)</strong></span> <span class='ocrx_word' id='word_1_79' title='bbox 306 1598 490 1665; x_wconf 86' lang='lat' dir='ltr'>Patrlarcha</span> <span class='ocrx_word' id='word_1_80' title='bbox 519 1608 609 1683; x_wconf 88' lang='lat' dir='ltr'>pater</span> <span class='ocrx_word' id='word_1_81' title='bbox 657 1621 688 1684; x_wconf 86' lang='lat' dir='ltr'>g.</span> <span class='ocrx_word' id='word_1_82' title='bbox 744 1612 777 1665; x_wconf 88' lang='lat' dir='ltr'>et</span> <span class='ocrx_word' id='word_1_83' title='bbox 816 1601 837 1664; x_wconf 86' lang='lat' dir='ltr'>L</span> <span class='ocrx_word' id='word_1_84' title='bbox 877 1602 932 1665; x_wconf 92' lang='lat' dir='ltr'>sed</span> <span class='ocrx_word' id='word_1_85' title='bbox 976 1611 1009 1666; x_wconf 91' lang='lat' dir='ltr'>et</span> <span class='ocrx_word' id='word_1_86' title='bbox 1052 1600 1199 1666; x_wconf 89' lang='lat' dir='ltr'>hebraice</span> <span class='ocrx_word' id='word_1_87' title='bbox 1233 1601 1323 1665; x_wconf 87' lang='lat' dir='ltr'>abba</span> 
     </span>
    </p>
   </div>
   <div class='ocr_carea' id='block_1_7' title="bbox 217 1701 711 1765">
    <p class='ocr_par' dir='ltr' id='par_1_7' title="bbox 217 1701 711 1765">
     <span class='ocr_line' id='line_1_13' title="bbox 217 1701 711 1765; baseline 0.002 -15"><span class='ocrx_word' id='word_1_88' title='bbox 217 1705 251 1750; x_wconf 86' lang='lat' dir='ltr'>ar&#39;</span> <span class='ocrx_word' id='word_1_89' title='bbox 300 1717 429 1765; x_wconf 82' lang='lat' dir='ltr'>oncregesc</span> <span class='ocrx_word' id='word_1_90' title='bbox 473 1701 568 1753; x_wconf 70' lang='lat' dir='ltr'>aldorm&#39;</span> <span class='ocrx_word' id='word_1_91' title='bbox 600 1703 711 1751; x_wconf 88' lang='lat' dir='ltr'>onlaedin</span> 
     </span>
    </p>
   </div>
   <div class='ocr_carea' id='block_1_8' title="bbox 84 1763 671 1849">
    <p class='ocr_par' dir='ltr' id='par_1_8' title="bbox 84 1763 671 1849">
     <span class='ocr_line' id='line_1_14' title="bbox 84 1763 671 1849; baseline 0.005 -23"><span class='ocrx_word' id='word_1_92' title='bbox 84 1788 87 1793; x_wconf 94' lang='lat'>·</span> <span class='ocrx_word' id='word_1_93' title='bbox 171 1763 298 1828; x_wconf 90' lang='lat' dir='ltr'>Archus</span> <span class='ocrx_word' id='word_1_94' title='bbox 355 1787 385 1848; x_wconf 84' lang='lat' dir='ltr'>g.</span> <span class='ocrx_word' id='word_1_95' title='bbox 444 1763 592 1849; x_wconf 89' lang='lat' dir='ltr'>princeps</span> <span class='ocrx_word' id='word_1_96' title='bbox 650 1765 671 1829; x_wconf 89' lang='lat' dir='ltr'>l.</span> 
     </span>
    </p>
   </div>
   <div class='ocr_carea' id='block_1_9' title="bbox 389 1899 1233 1963">
    <p class='ocr_par' dir='ltr' id='par_1_9' title="bbox 389 1899 1233 1963">
     <span class='ocr_line' id='line_1_15' title="bbox 389 1899 1233 1963; baseline -0.001 -15"><span class='ocrx_word' id='word_1_97' title='bbox 389 1903 470 1948; x_wconf 83' lang='lat' dir='ltr'>metro&#39;</span> <span class='ocrx_word' id='word_1_98' title='bbox 576 1904 673 1949; x_wconf 79' lang='lat' dir='ltr'>oncreo&#39;</span> <span class='ocrx_word' id='word_1_99' title='bbox 695 1901 741 1948; x_wconf 81' lang='lat' dir='ltr'>heli</span> <span class='ocrx_word' id='word_1_100' title='bbox 751 1899 811 1949; x_wconf 83' lang='lat' dir='ltr'>faest&#39;</span> <span class='ocrx_word' id='word_1_101' title='bbox 834 1900 949 1949; x_wconf 88' lang='lat' dir='ltr'>onlaeden</span> <span class='ocrx_word' id='word_1_102' title='bbox 972 1901 1030 1963; x_wconf 74' lang='lat' dir='ltr'>brrg</span> <span class='ocrx_word' id='word_1_103' title='bbox 1055 1899 1121 1948; x_wconf 72' lang='lat' dir='ltr'>otte</span> <span class='ocrx_word' id='word_1_104' title='bbox 1163 1899 1233 1948; x_wconf 85' lang='lat' dir='ltr'>ceast&#39;</span> 
     </span>
    </p>
   </div>
   <div class='ocr_carea' id='block_1_10' title="bbox 215 1961 1265 2048">
    <p class='ocr_par' dir='ltr' id='par_1_10' title="bbox 215 1961 1265 2048">
     <span class='ocr_line' id='line_1_16' title="bbox 215 1961 1265 2048; baseline -0.001 -24"><span class='ocrx_word' id='word_1_105' title='bbox 215 1962 274 2044; x_wconf 85' lang='grc'><strong>(3.)</strong></span> <span class='ocrx_word' id='word_1_106' title='bbox 300 1961 569 2047; x_wconf 82' lang='lat' dir='ltr'>Metropolitanus</span> <span class='ocrx_word' id='word_1_107' title='bbox 612 1986 642 2048; x_wconf 86' lang='lat' dir='ltr'>g.</span> <span class='ocrx_word' id='word_1_108' title='bbox 703 1963 793 2048; x_wconf 89' lang='lat' dir='ltr'>polis,</span> <span class='ocrx_word' id='word_1_109' title='bbox 876 1963 896 2026; x_wconf 93' lang='lat' dir='ltr'>l.</span> <span class='ocrx_word' id='word_1_110' title='bbox 965 1965 1040 2027; x_wconf 89' lang='lat' dir='ltr'>urbs</span> <span class='ocrx_word' id='word_1_111' title='bbox 1069 1963 1119 2027; x_wconf 93' lang='lat' dir='ltr'>vel</span> <span class='ocrx_word' id='word_1_112' title='bbox 1146 1962 1265 2027; x_wconf 84' lang='lat' dir='ltr'>civitas.</span> 
     </span>
    </p>
   </div>
   <div class='ocr_carea' id='block_1_11' title="bbox 218 2093 1294 2246">
    <p class='ocr_par' dir='ltr' id='par_1_11' title="bbox 218 2093 1294 2246">
     <span class='ocr_line' id='line_1_17' title="bbox 355 2093 1228 2161; baseline -0.006 -13"><span class='ocrx_word' id='word_1_113' title='bbox 355 2093 439 2142; x_wconf 71' lang='lat' dir='ltr'>accolv&#39;</span> <span class='ocrx_word' id='word_1_114' title='bbox 504 2099 603 2149; x_wconf 85' lang='lat' dir='ltr'>oncrec&#39;</span> <span class='ocrx_word' id='word_1_115' title='bbox 624 2097 796 2145; x_wconf 83' lang='lat' dir='ltr'>vaexbiorende</span> <span class='ocrx_word' id='word_1_116' title='bbox 822 2105 847 2146; x_wconf 84' lang='lat' dir='ltr'>to</span> <span class='ocrx_word' id='word_1_117' title='bbox 912 2099 1047 2146; x_wconf 83' lang='lat' dir='ltr'>toredanne</span> <span class='ocrx_word' id='word_1_118' title='bbox 1127 2097 1228 2161; x_wconf 78' lang='lat' dir='ltr'>godepell</span> 
     </span>
     <span class='ocr_line' id='line_1_18' title="bbox 218 2157 1294 2246; baseline -0.001 -25"><span class='ocrx_word' id='word_1_119' title='bbox 218 2157 276 2239; x_wconf 85' lang='lat'><strong>(4.)</strong></span> <span class='ocrx_word' id='word_1_120' title='bbox 302 2157 499 2221; x_wconf 86' lang='lat' dir='ltr'>Accoluthus</span> <span class='ocrx_word' id='word_1_121' title='bbox 542 2180 572 2243; x_wconf 86' lang='lat' dir='ltr'>g.</span> <span class='ocrx_word' id='word_1_122' title='bbox 635 2160 773 2224; x_wconf 90' lang='lat' dir='ltr'>cerarius</span> <span class='ocrx_word' id='word_1_123' title='bbox 810 2160 850 2224; x_wconf 88' lang='lat' dir='ltr'>ad</span> <span class='ocrx_word' id='word_1_124' title='bbox 870 2161 1066 2226; x_wconf 90' lang='lat' dir='ltr'>recitandum</span> <span class='ocrx_word' id='word_1_125' title='bbox 1087 2159 1294 2246; x_wconf 83' lang='lat' dir='ltr'>evangelium.</span> 
     </span>
    </p>
   </div>
   <div class='ocr_carea' id='block_1_12' title="bbox 217 2291 1326 2630">
    <p class='ocr_par' dir='ltr' id='par_1_12' title="bbox 217 2291 766 2440">
     <span class='ocr_line' id='line_1_19' title="bbox 332 2291 766 2370; baseline 0.014 -33"><span class='ocrx_word' id='word_1_126' title='bbox 332 2291 400 2366; x_wconf 84' lang='lat' dir='ltr'>piste&#39;</span> <span class='ocrx_word' id='word_1_127' title='bbox 465 2296 558 2342; x_wconf 84' lang='lat' dir='ltr'>oncrec&#39;</span> <span class='ocrx_word' id='word_1_128' title='bbox 589 2293 766 2370; x_wconf 76' lang='lat' dir='ltr'>gitripaoplae‘</span> 
     </span>
     <span class='ocr_line' id='line_1_20' title="bbox 217 2352 736 2440; baseline 0.013 -26"><span class='ocrx_word' id='word_1_129' title='bbox 217 2353 275 2434; x_wconf 87' lang='lat'>(5.)</span> <span class='ocrx_word' id='word_1_130' title='bbox 302 2352 428 2418; x_wconf 88' lang='lat' dir='ltr'>Prsteus</span> <span class='ocrx_word' id='word_1_131' title='bbox 505 2377 534 2440; x_wconf 85' lang='lat' dir='ltr'>g.</span> <span class='ocrx_word' id='word_1_132' title='bbox 623 2357 736 2422; x_wconf 86' lang='lat' dir='ltr'>fidehs.</span> 
     </span>
    </p>

    <p class='ocr_par' dir='ltr' id='par_1_13' title="bbox 217 2474 1326 2630">
     <span class='ocr_line' id='line_1_21' title="bbox 323 2474 1310 2556; baseline 0.005 -34"><span class='ocrx_word' id='word_1_133' title='bbox 323 2474 393 2539; x_wconf 47' lang='grc' dir='ltr'>δῖοί</span> <span class='ocrx_word' id='word_1_134' title='bbox 436 2477 535 2526; x_wconf 87' lang='lat' dir='ltr'>oncrec&#39;</span> <span class='ocrx_word' id='word_1_135' title='bbox 567 2478 807 2556; x_wconf 46' lang='lat' dir='ltr'>gipitnis20nloe&#39;j5</span> <span class='ocrx_word' id='word_1_136' title='bbox 869 2481 889 2528; x_wconf 86' lang='lat' dir='ltr'>is</span> <span class='ocrx_word' id='word_1_137' title='bbox 961 2479 1078 2556; x_wconf 62' lang='lat' dir='ltr'>drornges</span> <span class='ocrx_word' id='word_1_138' title='bbox 1138 2494 1154 2542; x_wconf 96' lang='grc' dir='ltr'>Ἰ</span> <span class='ocrx_word' id='word_1_139' title='bbox 1231 2479 1310 2555; x_wconf 75' lang='lat' dir='ltr'>blodes</span> 
     </span>
     <span class='ocr_line' id='line_1_22' title="bbox 217 2536 1326 2630; baseline 0.004 -29"><span class='ocrx_word' id='word_1_140' title='bbox 217 2536 275 2620; x_wconf 88' lang='lat'><strong>(6.)</strong></span> <span class='ocrx_word' id='word_1_141' title='bbox 302 2537 428 2625; x_wconf 89' lang='lat' dir='ltr'>Martyr</span> <span class='ocrx_word' id='word_1_142' title='bbox 485 2563 516 2625; x_wconf 86' lang='lat' dir='ltr'>g.</span> <span class='ocrx_word' id='word_1_143' title='bbox 605 2550 696 2607; x_wconf 79' lang='lat' dir='ltr'>testis</span> <span class='ocrx_word' id='word_1_144' title='bbox 716 2542 737 2606; x_wconf 93' lang='lat' dir='ltr'>l.</span> <span class='ocrx_word' id='word_1_145' title='bbox 782 2543 815 2606; x_wconf 93' lang='lat' dir='ltr'>1d</span> <span class='ocrx_word' id='word_1_146' title='bbox 852 2552 909 2620; x_wconf 74' lang='grc' dir='ltr'>θεῖ,</span> <span class='ocrx_word' id='word_1_147' title='bbox 943 2564 1098 2630; x_wconf 83' lang='lat' dir='ltr'>passronrs</span> <span class='ocrx_word' id='word_1_148' title='bbox 1131 2553 1165 2607; x_wconf 93' lang='lat' dir='ltr'>et</span> <span class='ocrx_word' id='word_1_149' title='bbox 1197 2563 1326 2628; x_wconf 82' lang='lat' dir='ltr'>sanguis</span> 
     </span>
    </p>
   </div>
   <div class='ocr_carea' id='block_1_13' title="bbox 187 2639 267 2687">
    <p class='ocr_par' dir='ltr' id='par_1_14' title="bbox 187 2639 267 2687">
     <span class='ocr_line' id='line_1_23' title="bbox 187 2639 267 2687; baseline 0.025 -2"><span class='ocrx_word' id='word_1_150' title='bbox 187 2639 267 2687; x_wconf 81' lang='lat' dir='ltr'>cristes</span> 
     </span>
    </p>
   </div>
   <div class='ocr_carea' id='block_1_14' title="bbox 174 2701 303 2767">
    <p class='ocr_par' dir='ltr' id='par_1_15' title="bbox 174 2701 303 2767">
     <span class='ocr_line' id='line_1_24' title="bbox 174 2701 303 2767; baseline 0.008 -1"><span class='ocrx_word' id='word_1_151' title='bbox 174 2701 303 2767; x_wconf 87' lang='lat' dir='ltr'>Christi.</span> 
     </span>
    </p>
   </div>
   <div class='ocr_carea' id='block_1_15' title="bbox 218 2838 979 2988">
    <p class='ocr_par' dir='ltr' id='par_1_16' title="bbox 218 2838 979 2988">
     <span class='ocr_line' id='line_1_25' title="bbox 358 2838 948 2918; baseline 0.005 -32"><span class='ocrx_word' id='word_1_152' title='bbox 358 2838 412 2915; x_wconf 39' lang='lat' dir='ltr'>&#39;epi’</span> <span class='ocrx_word' id='word_1_153' title='bbox 456 2901 464 2915; x_wconf 32' lang='grc' dir='ltr'><strong><em>ο</em></strong></span> <span class='ocrx_word' id='word_1_154' title='bbox 510 2845 608 2890; x_wconf 82' lang='lat' dir='ltr'>oncreo&#39;</span> <span class='ocrx_word' id='word_1_155' title='bbox 641 2842 734 2918; x_wconf 73' lang='lat' dir='ltr'>onlaed&#39;</span> <span class='ocrx_word' id='word_1_156' title='bbox 817 2841 905 2917; x_wconf 81' lang='lat' dir='ltr'>ypping</span> <span class='ocrx_word' id='word_1_157' title='bbox 941 2902 948 2916; x_wconf 90' lang='lat'><strong><em>.</em></strong></span> 
     </span>
     <span class='ocr_line' id='line_1_26' title="bbox 218 2899 979 2988; baseline 0 -23"><span class='ocrx_word' id='word_1_158' title='bbox 218 2901 277 2982; x_wconf 86' lang='grc'><strong>(7.)</strong></span> <span class='ocrx_word' id='word_1_159' title='bbox 304 2899 486 2987; x_wconf 78' lang='grc' dir='ltr'>Εριρῖεεειθ</span> <span class='ocrx_word' id='word_1_160' title='bbox 551 2926 582 2988; x_wconf 86' lang='lat' dir='ltr'>g.</span> <span class='ocrx_word' id='word_1_161' title='bbox 637 2903 735 2969; x_wconf 82' lang='lat' dir='ltr'>lanne</span> <span class='ocrx_word' id='word_1_162' title='bbox 757 2905 979 2968; x_wconf 86' lang='lat' dir='ltr'>manrfestatro.</span> 
     </span>
    </p>
   </div>
   <div class='ocr_carea' id='block_1_16' title="bbox 219 3035 1325 3187">
    <p class='ocr_par' dir='ltr' id='par_1_17' title="bbox 219 3035 1325 3187">
     <span class='ocr_line' id='line_1_27' title="bbox 359 3035 1299 3118; baseline 0.004 -35"><span class='ocrx_word' id='word_1_163' title='bbox 359 3037 414 3096; x_wconf 83' lang='lat' dir='ltr'>ypa&#39;</span> <span class='ocrx_word' id='word_1_164' title='bbox 489 3035 586 3085; x_wconf 88' lang='lat' dir='ltr'>oncrec’</span> <span class='ocrx_word' id='word_1_165' title='bbox 624 3038 719 3114; x_wconf 77' lang='lat' dir='ltr'>onlaed’</span> <span class='ocrx_word' id='word_1_166' title='bbox 782 3037 884 3114; x_wconf 65' lang='lat' dir='ltr'>gaepnpe&#39;</span> <span class='ocrx_word' id='word_1_167' title='bbox 929 3040 954 3114; x_wconf 37' lang='lat' dir='ltr'>&#39;d</span> <span class='ocrx_word' id='word_1_168' title='bbox 1004 3037 1025 3084; x_wconf 86' lang='lat' dir='ltr'>is</span> <span class='ocrx_word' id='word_1_169' title='bbox 1073 3036 1187 3115; x_wconf 49' lang='lat' dir='ltr'>daaldo·</span> <span class='ocrx_word' id='word_1_170' title='bbox 1241 3040 1299 3118; x_wconf 48' lang='lat' dir='ltr'>folo}</span> 
     </span>
     <span class='ocr_line' id='line_1_28' title="bbox 219 3097 1325 3187; baseline 0.005 -26"><span class='ocrx_word' id='word_1_171' title='bbox 219 3098 278 3182; x_wconf 88' lang='lat'><strong>(8.)</strong></span> <span class='ocrx_word' id='word_1_172' title='bbox 302 3097 473 3182; x_wconf 87' lang='lat' dir='ltr'>Ypapante</span> <span class='ocrx_word' id='word_1_173' title='bbox 525 3121 555 3184; x_wconf 81' lang='lat' dir='ltr'>g.</span> <span class='ocrx_word' id='word_1_174' title='bbox 622 3100 720 3165; x_wconf 79' lang='lat' dir='ltr'>latine</span> <span class='ocrx_word' id='word_1_175' title='bbox 750 3101 898 3178; x_wconf 81' lang='lat' dir='ltr'>obblatio,</span> <span class='ocrx_word' id='word_1_176' title='bbox 928 3100 961 3163; x_wconf 91' lang='lat' dir='ltr'>rd</span> <span class='ocrx_word' id='word_1_177' title='bbox 984 3109 1042 3178; x_wconf 72' lang='lat' dir='ltr'>est,</span> <span class='ocrx_word' id='word_1_178' title='bbox 1067 3109 1190 3186; x_wconf 79' lang='lat' dir='ltr'>antiqur</span> <span class='ocrx_word' id='word_1_179' title='bbox 1214 3102 1325 3187; x_wconf 77' lang='lat' dir='ltr'>plebis.</span> 
     </span>
    </p>
   </div>
   <div class='ocr_carea' id='block_1_17' title="bbox 244 3251 1256 3409">
    <p class='ocr_par' dir='ltr' id='par_1_18' title="bbox 244 3251 1256 3409">
     <span class='ocr_line' id='line_1_29' title="bbox 244 3251 1256 3300; baseline 0.007 -7"><span class='ocrx_word' id='word_1_180' title='bbox 244 3251 265 3293; x_wconf 74' lang='lat'><em>*</em></span> <span class='ocrx_word' id='word_1_181' title='bbox 442 3252 463 3295; x_wconf 55' lang='grc' dir='ltr'><strong><em>ἕ</em></strong></span> <span class='ocrx_word' id='word_1_182' title='bbox 839 3254 860 3297; x_wconf 55' lang='grc' dir='ltr'><strong><em>ἕ</em></strong></span> <span class='ocrx_word' id='word_1_183' title='bbox 1037 3255 1058 3298; x_wconf 55' lang='grc' dir='ltr'><strong><em>ἕ</em></strong></span> <span class='ocrx_word' id='word_1_184' title='bbox 1235 3258 1256 3300; x_wconf 56' lang='grc' dir='ltr'><strong>ἕ</strong></span> 
     </span>
     <span class='ocr_line' id='line_1_30' title="bbox 351 3361 1161 3409; baseline 0.007 -6"><span class='ocrx_word' id='word_1_185' title='bbox 351 3361 370 3403; x_wconf 53' lang='grc' dir='ltr'><strong>ί</strong></span> <span class='ocrx_word' id='word_1_186' title='bbox 546 3363 567 3405; x_wconf 51' lang='grc' dir='ltr'>ἦ</span> <span class='ocrx_word' id='word_1_187' title='bbox 743 3363 764 3406; x_wconf 48' lang='grc' dir='ltr'><em>ᾖ</em></span> <span class='ocrx_word' id='word_1_188' title='bbox 940 3365 962 3406; x_wconf 55' lang='grc' dir='ltr'><strong>ἕ</strong></span> <span class='ocrx_word' id='word_1_189' title='bbox 1140 3366 1161 3409; x_wconf 55' lang='grc' dir='ltr'><strong><em>ἕ</em></strong></span> 
     </span>
    </p>
   </div>
   <div class='ocr_carea' id='block_1_18' title="bbox 282 3560 1201 3613">
    <p class='ocr_par' dir='ltr' id='par_1_19' title="bbox 282 3560 1201 3613">
     <span class='ocr_line' id='line_1_31' title="bbox 282 3560 1201 3613; baseline -0.001 -10"><span class='ocrx_word' id='word_1_190' title='bbox 282 3560 419 3604; x_wconf 80' lang='lat' dir='ltr'>NOMINA</span> <span class='ocrx_word' id='word_1_191' title='bbox 441 3560 603 3605; x_wconf 84' lang='lat' dir='ltr'>LOCORUM</span> <span class='ocrx_word' id='word_1_192' title='bbox 627 3561 664 3604; x_wconf 82' lang='lat' dir='ltr'>IN</span> <span class='ocrx_word' id='word_1_193' title='bbox 687 3562 756 3612; x_wconf 82' lang='lat' dir='ltr'>QUO</span> <span class='ocrx_word' id='word_1_194' title='bbox 779 3562 936 3607; x_wconf 78' lang='lat' dir='ltr'><strong>APOSTOLI</strong></span> <span class='ocrx_word' id='word_1_195' title='bbox 961 3562 1201 3613; x_wconf 80' lang='lat' dir='ltr'><strong>REQUIESCUNT.</strong></span> 
     </span>
    </p>
   </div>
   <div class='ocr_carea' id='block_1_19' title="bbox 221 3677 1328 3826">
    <p class='ocr_par' dir='ltr' id='par_1_20' title="bbox 221 3677 1328 3826">
     <span class='ocr_line' id='line_1_32' title="bbox 315 3677 1326 3754; baseline -0.001 -28"><span class='ocrx_word' id='word_1_196' title='bbox 315 3679 421 3740; x_wconf 77' lang='lat' dir='ltr'>seeadga</span> <span class='ocrx_word' id='word_1_197' title='bbox 485 3677 581 3726; x_wconf 69' lang='lat' dir='ltr'>matthe</span> <span class='ocrx_word' id='word_1_198' title='bbox 705 3681 743 3741; x_wconf 87' lang='lat' dir='ltr'>ap’</span> <span class='ocrx_word' id='word_1_199' title='bbox 840 3694 856 3741; x_wconf 94' lang='grc' dir='ltr'>Ἰ</span> <span class='ocrx_word' id='word_1_200' title='bbox 922 3679 1062 3754; x_wconf 75' lang='lat' dir='ltr'>godepellere</span> <span class='ocrx_word' id='word_1_201' title='bbox 1132 3679 1247 3754; x_wconf 67' lang='lat' dir='ltr'>giraeptc&#39;⁴</span> <span class='ocrx_word' id='word_1_202' title='bbox 1295 3694 1326 3754; x_wconf 78' lang='lat' dir='ltr'>pn</span> 
     </span>
     <span class='ocr_line' id='line_1_33' title="bbox 221 3739 1328 3826; baseline 0 -23"><span class='ocrx_word' id='word_1_203' title='bbox 221 3740 280 3823; x_wconf 90' lang='grc'><strong>(1.)</strong></span> <span class='ocrx_word' id='word_1_204' title='bbox 306 3741 427 3805; x_wconf 85' lang='lat' dir='ltr'>Beatus</span> <span class='ocrx_word' id='word_1_205' title='bbox 457 3740 611 3804; x_wconf 81' lang='lat' dir='ltr'>Mathone</span> <span class='ocrx_word' id='word_1_206' title='bbox 641 3739 803 3824; x_wconf 88' lang='lat' dir='ltr'>apostolus</span> <span class='ocrx_word' id='word_1_207' title='bbox 827 3751 861 3805; x_wconf 90' lang='lat' dir='ltr'>et</span> <span class='ocrx_word' id='word_1_208' title='bbox 886 3741 1081 3826; x_wconf 78' lang='lat' dir='ltr'>evangelista</span> <span class='ocrx_word' id='word_1_209' title='bbox 1109 3750 1265 3825; x_wconf 80' lang='lat' dir='ltr'>requievlt</span> <span class='ocrx_word' id='word_1_210' title='bbox 1294 3762 1328 3803; x_wconf 93' lang='lat' dir='ltr'>1n</span> 
     </span>
    </p>
   </div>
   <div class='ocr_carea' id='block_1_20' title="bbox 175 3841 875 3978">
    <p class='ocr_par' dir='ltr' id='par_1_21' title="bbox 175 3841 875 3978">
     <span class='ocr_line' id='line_1_34' title="bbox 183 3841 875 3890; baseline -0.003 0"><span class='ocrx_word' id='word_1_211' title='bbox 183 3841 255 3890; x_wconf 81' lang='lat' dir='ltr'>ear&#39;6e</span> <span class='ocrx_word' id='word_1_212' title='bbox 301 3842 402 3890; x_wconf 81' lang='lat' dir='ltr'>armenia</span> <span class='ocrx_word' id='word_1_213' title='bbox 455 3857 484 3888; x_wconf 94' lang='lat' dir='ltr'>on</span> <span class='ocrx_word' id='word_1_214' title='bbox 517 3841 586 3889; x_wconf 80' lang='lat' dir='ltr'>londo</span> <span class='ocrx_word' id='word_1_215' title='bbox 626 3841 802 3890; x_wconf 72' lang='lat' dir='ltr'>amanito&#39;iiara</span> <span class='ocrx_word' id='word_1_216' title='bbox 813 3842 875 3889; x_wconf 81' lang='lat' dir='ltr'>lioda</span> 
     </span>
     <span class='ocr_line' id='line_1_35' title="bbox 175 3903 874 3978; baseline -0.003 -9"><span class='ocrx_word' id='word_1_217' title='bbox 175 3915 260 3970; x_wconf 87' lang='lat' dir='ltr'>terra</span> <span class='ocrx_word' id='word_1_218' title='bbox 275 3903 436 3978; x_wconf 87' lang='lat' dir='ltr'>Armenia,</span> <span class='ocrx_word' id='word_1_219' title='bbox 459 3903 492 3966; x_wconf 90' lang='lat' dir='ltr'>in</span> <span class='ocrx_word' id='word_1_220' title='bbox 516 3913 600 3968; x_wconf 86' lang='lat' dir='ltr'>terra</span> <span class='ocrx_word' id='word_1_221' title='bbox 643 3903 874 3969; x_wconf 86' lang='lat' dir='ltr'>Amanitorum.</span> 
     </span>
    </p>
   </div>
   <div class='ocr_carea' id='block_1_21' title="bbox 175 4036 1311 4352">
    <p class='ocr_par' dir='ltr' id='par_1_22' title="bbox 175 4036 1311 4352">
     <span class='ocr_line' id='line_1_36' title="bbox 321 4036 1311 4102; baseline -0.002 -14"><span class='ocrx_word' id='word_1_222' title='bbox 321 4041 428 4101; x_wconf 81' lang='lat' dir='ltr'>seeadga</span> <span class='ocrx_word' id='word_1_223' title='bbox 498 4041 566 4087; x_wconf 84' lang='lat' dir='ltr'>marc&#39;</span> <span class='ocrx_word' id='word_1_224' title='bbox 646 4038 768 4102; x_wconf 59' lang='lat' dir='ltr'>degod’</span> <span class='ocrx_word' id='word_1_225' title='bbox 861 4036 967 4101; x_wconf 56' lang='lat' dir='ltr'>gerente&amp;</span> <span class='ocrx_word' id='word_1_226' title='bbox 1033 4038 1135 4086; x_wconf 85' lang='lat' dir='ltr'>Alexan’</span> <span class='ocrx_word' id='word_1_227' title='bbox 1148 4036 1311 4102; x_wconf 66' lang='lat' dir='ltr'>mdaerbyrig</span> 
     </span>
     <span class='ocr_line' id='line_1_37' title="bbox 220 4099 1281 4188; baseline 0.002 -24"><span class='ocrx_word' id='word_1_228' title='bbox 220 4102 279 4185; x_wconf 73' lang='lat'><strong>(2.)</strong></span> <span class='ocrx_word' id='word_1_229' title='bbox 306 4101 426 4167; x_wconf 85' lang='lat' dir='ltr'>Beatus</span> <span class='ocrx_word' id='word_1_230' title='bbox 464 4100 595 4166; x_wconf 88' lang='lat' dir='ltr'>Marcus</span> <span class='ocrx_word' id='word_1_231' title='bbox 618 4123 737 4188; x_wconf 83' lang='lat' dir='ltr'>evange</span> <span class='ocrx_word' id='word_1_232' title='bbox 762 4110 811 4167; x_wconf 85' lang='lat' dir='ltr'>ste</span> <span class='ocrx_word' id='word_1_233' title='bbox 835 4099 1007 4186; x_wconf 88' lang='lat' dir='ltr'>requiescit</span> <span class='ocrx_word' id='word_1_234' title='bbox 1071 4101 1281 4177; x_wconf 86' lang='lat' dir='ltr'>Alexandrea,</span> 
     </span>
     <span class='ocr_line' id='line_1_38' title="bbox 175 4204 519 4266; baseline 0 -16"><span class='ocrx_word' id='word_1_235' title='bbox 175 4205 200 4252; x_wconf 90' lang='lat' dir='ltr'>in</span> <span class='ocrx_word' id='word_1_236' title='bbox 271 4204 356 4266; x_wconf 60' lang='lat' dir='ltr'>magde</span> <span class='ocrx_word' id='word_1_237' title='bbox 431 4205 519 4265; x_wconf 82' lang='lat' dir='ltr'>egiptes</span> 
     </span>
     <span class='ocr_line' id='line_1_39' title="bbox 175 4266 544 4352; baseline -0.003 -22"><span class='ocrx_word' id='word_1_238' title='bbox 175 4267 208 4330; x_wconf 94' lang='lat' dir='ltr'>in</span> <span class='ocrx_word' id='word_1_239' title='bbox 224 4267 384 4352; x_wconf 90' lang='lat' dir='ltr'>provincia</span> <span class='ocrx_word' id='word_1_240' title='bbox 399 4266 544 4352; x_wconf 82' lang='lat' dir='ltr'>AEgypti.</span> 
     </span>
    </p>
   </div>
   <div class='ocr_carea' id='block_1_22' title="bbox 0 0 1505 4920">
    <p class='ocr_par' dir='ltr' id='par_1_23' title="bbox 0 0 1505 4920">
     <span class='ocr_line' id='line_1_40' title="bbox 0 0 1505 4920; baseline 0 0"><span class='ocrx_word' id='word_1_241' title='bbox 0 0 1505 4920; x_wconf 95' lang='lat' dir='ltr'> </span> 
     </span>
    </p>
   </div>
  </div>
 </body>
</html>
