2984 4920
546 430 777 478 ANGLo-SAXON
800 432 933 476 amum„
1277 420 1319 480 93

392 569 447 618 alm'
607 587 646 620 ece
758 572 803 635 god
846 571 924 620 urile
948 571 974 620 in
1037 571 1122 635 holig’a
1218 571 1288 622 dimo

212 629 272 713 (7.)
297 630 508 718 Omnipotens
523 635 714 720 sempiterne
729 635 830 712 Deus,
861 635 916 720 qui
945 635 979 698 in
996 645 1177 700 sanctorum
1191 644 1320 701 tuorum

182 731 285 808 hear-tvm
382 737 419 798 leg
490 735 567 787 cium
647 737 699 786 lvi?
810 739 916 802 gibernes
971 739 1005 786 sel
1069 737 1144 787 tohu
1224 755 1288 788 vsvm

167 795 314 860 cordibus
328 797 485 864 flammam
500 809 567 865 tuae
580 799 759 866 dilectionis
785 800 942 877 accendis,
965 801 1007 865 da
1028 801 1189 867 mentibus
1204 802 1320 868 nostris

169 897 293 963 pilum)
345 901 402 950 lrfv'
477 904 635 980 *ppodeslvlv
741 920 817 968 maegn
894 906 939 964 pto
1014 903 1073 953 &arn
1175 905 1296 967 gifeaiave

168 961 301 1026 eandem
338 961 413 1028 fidei
452 967 656 1053 caritatisque
696 967 855 1044 virtutem,
897 976 934 1032 ut
972 988 1109 1054 quorum
1145 968 1321 1055 gaudemus

176 1065 323 1140 marmur
397 1067 497 1131 grarrve
611 1070 687 1119 usur
1238 1063 1240 1067 ’

168 1129 338 1215 triumphis
353 1131 554 1218 proficiamus
569 1132 732 1219 exemplis,
749 1153 806 1218 per

324 1310 395 1377 'gionn
476 1315 548 1364 driht'
655 1317 743 1366 vobid'
817 1314 862 1378 pta
905 1332 951 1366 rvae
1033 1316 1129 1380 haligrn'
1217 1315 1287 1365 ilium

214 1375 272 1459 (8.)
299 1376 419 1455 Preata,
437 1378 585 1455 Domine,
611 1401 793 1465 quesumus,
820 1389 858 1444 ut
882 1379 971 1469 sicut,
987 1389 1167 1444 sanctorum
1193 1388 1320 1444 tuorum

169 1478 220 1540 vsig
262 1480 412 1541 symbelcen'
475 1483 619 1544 gimersando
683 1499 713 1532 no
794 1483 872 1532 fletos
943 1493 990 1531 svae
1023 1483 1137 1546 symlinga
1193 1483 1289 1531 fvltvmi

168 1561 226 1605 nos
266 1542 411 1608 natalitia
449 1545 637 1611 celebranda
662 1568 726 1611 non
755 1546 914 1624 deserunt,
944 1545 990 1610 ita
1016 1545 1136 1632 jugiter
1165 1545 1321 1632 suffragiis

184 1644 335 1722 asomum&

169 1717 369 1786 comitentur,
380 1731 439 1796 per

314 1910 364 1943 voea
372 1893 408 1944 ὃν
482 1896 554 1944 driht'
649 1896 707 1944 soloe
765 1893 824 1943 oin?
897 1895 986 1958 holigra
1087 1893 1159 1942 &inre
1212 1893 1321 1943 ladorlici

214 1957 273 2040 (9.)
298 1957 430 2034 Adesto,
447 1957 594 2034 Domine,
618 1957 737 2042 populo
760 1965 826 2033 tuo,
853 1968 1034 2022 sanctorum
1057 1965 1185 2020 tuorum
1214 1967 1320 2042 patro-

169 2056 241 2121 ltingi
306 2060 436 2108 boemundo
480 2062 525 2121 pta
575 2063 595 2120 p
646 2061 755 2136 syndrigi
798 2059 873 2108 haeldo
921 2075 951 2107 ne
982 2059 1130 2122 gidyrstgade
1162 2059 1304 2106 fvltvmeudo

168 2121 251 2186 cinio
267 2122 467 2208 supplicanti,
484 2132 521 2187 ut
536 2123 620 2208 quod
632 2145 759 2208 propria
771 2122 888 2187 fiducia
898 2143 960 2187 nou
971 2121 1134 2208 presumit,
1147 2121 1320 2208 suffragan-

184 2286 191 2301 .
274 2240 415 2302 omnum
518 2226 605 2290 gifylga

168 2297 248 2352 trum
285 2300 406 2354 mentis
442 2299 662 2376 consequatur,
678 2310 737 2375 per

394 2489 527 2540 miclandel
640 2435 712 2538 driht'
798 2486 973 2552 mildenisse(?)
1037 2488 1083 2537 ain
1147 2484 1310 2550 croemlics(?)

214 2555 295 2640 (10.)
320 2553 575 2642 Magnificantea,
606 2553 754 2630 Domine,
785 2551 984 2618 clementiam
1013 2561 1101 2617 tuam
1134 2549 1322 2638 suppliciter

184 2659 304 2708 vebiddas
368 2662 413 2721 pte
435 2657 513 2708 &vile
540 2658 591 2721 vsig
669 2658 758 2720 haligra
855 2655 925 2705 llinra
996 2655 1169 2720 oftgimoac...
1208 2653 1320 2702 tvdoest

169 2742 344 2799 exoramus,
375 2731 412 2787 ut
449 2721 505 2807 qui
538 2743 596 2786 nos
625 2730 806 2785 sanctorum
827 2728 954 2784 tuorum
976 2717 1196 2805 frequentibus
1227 2716 1306 2781 facis

168 2825 256 2886 symbol
267 2829 332 2874 cenn'
396 2825 550 2887 bitpihvossa
625 2823 706 2871 coelici
794 2823 882 2886 giselelt
954 2822 1037 2884 gilonis
1104 2820 1292 2884 millgihly....

178 2888 332 2954 natalitiis
387 2887 550 2964 interesse,
581 2885 745 2971 perpetuis
778 2886 899 2950 tribuas
927 2885 1066 2970 gaudere
1110 2882 1285 2960 consortiis,

170 3074 228 3137 per

506 3255 590 3299 rrum
613 3254 659 3298 ur
680 3254 786 3299 sunau
807 3252 982 3298 consecro.

309 3425 342 3470 sel
406 3436 433 3469 va
570 3421 633 3469 allm'
751 3421 796 3484 god
852 3422 896 3480 pta
966 3418 1055 3481 baligra
1162 3415 1232 3466 iiiura
1274 3416 1318 3466 &eo

213 3487 272 3572 (1.)
296 3487 350 3551 Da
372 3483 472 3562 nobis,
501 3483 701 3570 omnipotens
725 3484 826 3562 Deus,
856 3493 893 3548 ut
922 3491 1101 3548 sanctorum
1131 3489 1259 3546 tuorum
1284 3492 1317 3546 te

167 3589 291 3738 ssgtnpper
306 3658 407 3733 com[
429 3696 563 3715 .....
587 3657 603 3730 ]
656 3680 661 3689 ·

513 3901 557 3943 ΔΙ)
579 3899 714 3944 cuUcEM
737 3897 968 3943 SALUTANDAM.

327 4067 372 4130 god
415 4065 492 4115 orde
556 4068 636 4114 ancen'
700 4063 753 4112 tin*
828 4064 900 4112 driht’
981 4066 1017 4112 η’
1091 4062 1145 4112 hael’
1215 4064 1278 4112 crist'

213 4129 271 4212 (l.)
296 4129 395 4207 Deus,
427 4129 482 4215 qui
510 4127 666 4215 unigeniti
705 4127 762 4205 tui,
793 4126 924 4191 Domini
950 4125 1051 4192 nostri
1078 4127 1156 4192 Jesu
1187 4127 1315 4205 Christi,

166 4233 299 4294 diorpyr..
364 4233 431 4281 blodo
527 4234 629 4282 mennisc
694 4247 756 4294 cynn
821 4230 915 4280 eltalesa
973 4231 1110 4294 gimeodrm'
1125 4230 1169 4280 arii
1218 4233 1276 4295 giles

166 4294 304 4379 pretioso
320 4295 472 4381 sanguine
487 4295 659 4361 humanum
675 4316 776 4381 genus
792 4293 945 4360 redimere
960 4294 1108 4386 dignatus
1120 4315 1164 4372 es,
1177 4296 1314 4361 concede
