2984 4920
490 430 722 476 ANGLO·SAXON
746 431 878 477 ulduno.

336 567 386 631 V'.
411 564 504 629 Misit
518 565 610 631 Deus
625 564 869 633 misericordiam
885 586 973 630 suam

337 691 389 754 R’.
413 690 569 775 Angustie
584 689 662 753 mihi
677 669 818 775 undiquc

337 818 384 882 V'.
410 818 445 881 Si
460 817 543 883 enim
559 817 619 882 hoc
634 839 728 902 egero
743 839 827 883 mors

341 945 391 1009 R'.
415 944 599 1014 Laudabilis
614 945 751 1030 populus
767 967 861 1030 quem
974 1011 976 1015 ,

338 1070 386 1134 V'.
410 1070 476 1146 Qui
491 1068 575 1156 regis
592 1067 699 1145 Israel,
716 1067 844 1133 intende
910 1089 914 1091 ·

535 1362 590 1424 nn'
606 1380 698 1424 unns
722 1379 836 1424 sunan.

338 1548 388 1612 A’.
411 1545 486 1610 Vidi
502 1543 674 1608 Dominum
691 1542 853 1607 sedentem
869 1564 964 1629 super

338 1674 386 1737 A'.
410 1671 538 1758 Aspice,
554 1669 702 1748 Domine,
720 1668 795 1755 quia
808 1668 893 1734 facta
907 1679 956 1734 est

221 1882 224 1888 Ι
338 1799 388 1863 Α’.
414 1800 517 1883 Super
532 1819 638 1862 muros
653 1807 734 1872 tuos,
750 1796 928 1860 Jerusalem

343 1922 391 1986 Α’.
416 1921 514 1986 Muro
529 1930 585 1986 tuo
600 1908 839 2007 inexpugnabili
858 1895 860 1900 ¹

470 2162 567 2239 Audi,
583 2141 720 2250 benigne
737 2163 899 2243 Conditor,

429 2290 563 2355 Nostrae
577 2311 697 2376 preces,
714 2313 785 2356 cum
800 2292 935 2371 fletibus,

426 2419 465 2482 In
480 2419 541 2484 hoc
556 2441 644 2485 sacro
655 2420 778 2506 jejunio

426 2546 527 2613 Fusas
542 2547 799 2633 quadragenario.

472 2729 637 2794 Scrutator
650 2699 732 2795 aime
748 2696 898 2809 cordium,

429 2854 559 2919 Infirma
573 2865 610 2919 tu
624 2857 685 2921 scis
700 2857 822 2934 virium,

428 2980 481 3043 Ad
497 2989 530 3045 te
544 2981 678 3047 reversis
693 2983 785 3048 exibe

428 3106 636 3173 Remissionis
649 3108 793 3194 gratiam.

470 3287 614 3354 Multum
630 3289 758 3376 quidem
773 3291 980 3378 peccavimus,

430 3417 493 3482 Sed
509 3439 603 3503 parco
619 3417 850 3496 confitentibus,

427 3546 480 3610 Ad
494 3546 620 3611 laudem
633 3545 680 3611 tui
695 3546 831 3610 nominis

429 3673 548 3737 Confer
562 3672 716 3736 medelam
732 3671 897 3756 languidis

475 3857 528 3923 Sic
543 3879 658 3944 corpus
673 3867 763 3922 extra
778 3856 906 3932 conteri,

429 3985 524 4049 Dona
538 4006 596 4071 per
610 3983 841 4060 abstinentiam,

430 4111 559 4196 Jejunet
573 4122 611 4177 ut
625 4124 714 4177 mens
729 4111 834 4177 sobria

433 4237 464 4300 A
480 4236 551 4303 labe
566 4259 695 4323 prorsus
710 4236 886 4303 criminum.
