2984 4920
534 434 768 477 suaso-saxos
792 433 925 476 mrum.
1246 415 1306 480 197

317 569 424 630 seeadga
467 568 540 614 simon
646 565 712 613 chan'
848 570 887 628 ap'
999 568 1083 628 gerest'
1147 565 1172 612 in
1197 565 1309 628 baerbyr'

200 635 284 717 (13.)
300 632 420 696 Beatus
433 630 551 715 Symon
562 629 774 693 Chanuaneus
785 629 947 714 apostolus
958 626 1129 713 requiescit
1140 627 1173 691 in
1186 629 1308 692 Riutho

154 749 184 780 on
216 735 284 782 lende
319 733 361 782 tio
393 735 414 781 is
424 732 531 796 gervoed'
580 734 671 795 partho’

154 796 287 861 interra
303 819 376 882 quae
399 797 516 860 dicitur
539 795 699 860 Parthou'.

328 965 414 1011 reead'
481 963 579 1010 mathias
691 963 729 1022 ap'
875 967 964 1022 gereste
1093 959 1167 1007 hierv'
1284 960 1309 1006 in

200 1027 282 1109 (14.)
308 1027 427 1090 Beatus
458 1025 600 1089 Matthias
630 1022 792 1108 apostolus
830 1021 1002 1107 requiescit
1032 1021 1244 1097 Hierusalem,
1275 1021 1309 1084 in

198 1128 282 1205 megbe
354 1129 408 1176 siria
485 1174 492 1187 ,
1013 1116 1019 1131 '

156 1191 317 1276 provmeia
335 1191 434 1275 Syria.

328 1366 414 1414 seead'
494 1365 576 1414 stefne'
678 1363 903 1414 terrvmatrovere
999 1365 1090 1425 geraest‘
1143 1379 1173 1411 on
1237 1362 1311 1411 hierv'
1371 1407 1373 1410 ,

107 1452 108 1456 ’
202 1429 282 1513 (15.)
308 1429 428 1493 Beatus
445 1429 637 1514 Stephanus,
683 1436 903 1513 protomartyr,
948 1425 1120 1510 requiescit
1138 1426 1172 1490 in
1193 1426 1312 1490 Hieru-

286 1546 317 1578 ou
371 1529 462 1593 maegbe
527 1531 581 1579 siria

158 1593 265 1670 salem,
282 1593 314 1656 in
331 1594 491 1678 provincia
508 1594 607 1679 Syria.

436 1914 495 1962 f’ma
632 1928 685 1960 mon
830 1910 913 1973 aporht
989 1911 1025 1958 ἠδ
1063 1910 1156 1958 drihtne
1214 1909 1312 1959 ofbaem

202 1977 306 2042 Adam
320 1978 361 2062 (P)
397 1978 517 2062 primus
531 1975 573 2058 (P)
612 1976 706 2038 homo
721 1972 763 2058 (?)
803 1972 963 2056 factus(?)
999 1973 1180 2036 aDomiuo
1239 1973 1279 2036 de

182 2077 240 2126 f'ma
291 2080 372 2128 staefne
423 2081 493 2142 Ἰοῖ
512 2081 575 2127 fover
617 2079 700 2126 staefni
740 2078 766 2125 uf
820 2076 883 2124 baem
964 2077 1063 2123 nomnad
1132 2091 1180 2123 vaes
1228 2092 1296 2124 noma

158 2140 260 2224 prima
282 2142 382 2218 litera,
410 2152 443 2206 et
457 2143 497 2206 de
520 2164 572 2206 1111
597 2141 712 2206 litteris
733 2141 773 2204 de
789 2139 905 2224 quibus
920 2138 1116 2203 nominatum
1132 2147 1181 2202 est
1195 2160 1310 2204 nomen

172 2241 209 2319 lris

158 2325 236 2388 ejus.

319 2439 364 2500 god
439 2454 496 2514 εἴην
560 2441 581 2515 ᾗ
646 2440 667 2486 is
740 2439 791 2487 abel
843 2437 908 2514 sebe
950 2437 1089 2514 arfaestnisse
1171 2436 1263 2500 gehvsse

203 2499 241 2563 B.
288 2498 398 2564 Bonus
424 2500 517 2577 filius,
559 2501 591 2564 rd
632 2510 681 2566 est
722 2500 814 2576 Abel,
847 2523 902 2585 qur
942 2511 1095 2585 p1etatem
1139 2502 1312 2584 praestabat

158 2604 222 2652 sliri
233 2603 245 2650 l
255 2603 411 2651 aeennendvm

194 2666 378 2751 parentibus
445 2667 519 2731 suis.

320 2817 434 2864 ablendad
483 2832 537 2864 vaes
571 2819 590 2876 tt
633 2819 653 2865 is
707 2819 775 2865 udam
831 2819 938 2866 besvieen
985 2833 1033 2864 vaes
1063 2818 1099 2863 frt‘)

203 2879 240 2944 C.
286 2880 453 2943 Coeeatum
478 2888 536 2953 est,
563 2879 596 2942 id
611 2889 668 2955 est,
687 2880 790 2943 Adam
806 2881 956 2944 seductus
982 2893 1032 2943 est
1056 2881 1096 2943 ab
1121 2879 1198 2944 Eva.

331 3044 446 3107 gehaeftad
518 3048 619 3105 vaesb
666 3047 687 3092 is
767 3047 819 3108 dipl
897 3049 922 3094 in
993 3046 1052 3094 helle

201 3107 243 3170 D.
289 3106 489 3191 Dampnatus
512 3116 569 3183 est,
593 3108 625 3170 id
647 3117 707 3185 est,
729 3107 874 3172 diabolus
895 3109 928 3171 in
950 3109 1116 3172 infernum.

307 3287 350 3319 eva
405 3272 494 3348 plimon
547 3272 588 3320 aio
632 3275 754 3348 uigearvad
782 3290 829 3322 vaes
845 3273 949 3338 brett'gi
985 3279 1039 3338 geri
1100 3291 1160 3340 7aec
1208 3293 1257 3325 aer.

204 3333 243 3397 Ε.
290 3333 358 3399 Eva
388 3335 502 3399 muher
532 3357 605 3419 quae
632 3335 743 3400 1nduta
774 3346 823 3400 est
858 3358 928 3400 xxx
963 3339 1054 3402 annis
1076 3349 1173 3424 atque
1202 3361 1312 3405 nasce-

159 3437 205 3483 ned

159 3509 257 3563 retur.

306 3649 423 3698 vraebdel
476 3653 495 3711 'p
546 3652 566 3698 is
654 3650 705 3714 dipl
829 3650 911 3700 iudise’
1011 3651 1069 3700 bon'
1133 3655 1231 3716 geboreu
1264 3671 1312 3703 vaes

205 3713 240 3776 F.
287 3712 437 3789 Fremuit,
468 3712 500 3776 id
531 3723 579 3778 est
608 3713 755 3778 diabulus
775 3713 949 3790 Judiaicus,
978 3715 1104 3800 quando
1139 3727 1233 3781 natus
1263 3728 1312 3782 est

208 3816 262 3863 cn'st

162 3878 317 3942 Christus.

258 4031 477 4094 sv....gefade†t
511 4031 531 4077 is
612 4030 661 4078 divl
717 4030 800 4093 bylaes
816 4030 1011 4094 uedvngugenom
1062 4033 1116 4081 erist
1194 4049 1264 4082 menn

204 4094 245 4157 G.
281 4094 422 4170 Gemuit,
445 4093 478 4157 id
493 4103 542 4159 est
556 4092 712 4170 diabulus,
742 4115 784 4159 ne
842 4103 968 4178 raperet
1006 4094 1154 4160 Christus
1169 4096 1312 4163 homines

168 4195 193 4242 os
225 4194 296 4243 mvbe
337 4197 374 4244 his

161 4279 202 4322 θΧ
233 4280 287 4322 ΟΓθ
318 4280 384 4323 SUO·
