2984 4920
588 424 822 470 anuto-saxon
847 425 979 469 RITUAL.

682 658 886 701 ANTIPHONA·

251 771 309 853 (l.)
336 769 400 834 Hic
425 779 474 834 est
497 770 658 835 Johannes
684 770 819 835 dilectus
839 769 1025 855 discipulus,
1053 769 1107 855 qui
1128 790 1225 854 supra
1247 775 1365 854 pectus

209 895 341 959 Domini
356 895 389 959 in
405 918 483 961 csua
496 897 651 962 recubuit.

251 1021 301 1085 V’.
325 1021 390 1087 Hic
404 1032 453 1088 est
467 1023 627 1088 Johannes
641 1031 762 1088 amator
776 1021 915 1087 caritatis
930 1030 964 1086 et
978 1029 1085 1086 custos
1099 1020 1208 1085 matris
1224 1019 1305 1103 ejus.

715 1196 850 1239 onusto.

255 1316 313 1399 (1.)
340 1315 440 1390 Deus,
468 1311 523 1398 qui
549 1333 606 1396 per
629 1332 664 1374 os
686 1309 770 1374 beati
799 1307 952 1373 Johannis
977 1305 1171 1417 evangeliste
1194 1305 1284 1369 verbi
1315 1308 1367 1371 tui

210 1438 302 1502 nobis
316 1439 452 1503 archana
466 1435 621 1511 reserasti,
648 1443 763 1520 presta,
781 1455 973 1519 quaesumus,
1000 1440 1037 1495 ut
1061 1431 1145 1516 quod
1167 1430 1221 1495 ille
1245 1432 1368 1499 nostris

207 1562 336 1626 auribus
351 1564 543 1629 excellenter
564 1561 689 1636 infudit,
713 1558 939 1642 intellegentiae
960 1557 1157 1644 conpetentis
1172 1567 1239 1623 tuae
1255 1560 1368 1623 erudi·

209 1685 298 1758 tione
314 1687 484 1772 capiamus,
500 1708 558 1771 per

607 1841 651 1882 AD
674 1839 946 1883 CONFESSORIBUS.

683 1948 887 1992 ΑΝΤΙΡΗΟΝΑ.

253 2069 312 2153 (1.)
336 2069 466 2132 Justum
481 2063 614 2128 deduxit
629 2062 787 2126 Dominus
805 2083 862 2146 per
883 2060 950 2124 vias
972 2069 1084 2138 rectas,
1107 2070 1141 2125 et
1162 2063 1303 2129 ostendit
1318 2065 1368 2130 illi

209 2217 345 2280 reguum
361 2193 434 2258 Dei.

254 2320 302 2384 V'.
327 2317 456 2383 Amavit
471 2337 543 2381 eum
556 2312 714 2378 Dominus
728 2321 761 2375 et
776 2311 898 2376 ornavit
912 2334 994 2390 eum,
1011 2313 1092 2378 stola
1105 2313 1207 2421 glorie
1220 2315 1337 2383 induit.

721 2494 852 2536 ORATIO.

226 2572 230 2577 Ι
257 2609 316 2695 (1.)
343 2606 479 2692 Exaudi,
495 2604 643 2679 Domine,
669 2624 779 2687 preces
802 2611 937 2680 nostras,
962 2625 1041 2689 quas
1062 2606 1096 2669 iu
1115 2607 1218 2672 sancti
1240 2609 1365 2673 coufes-

214 2732 293 2798 soris
304 2733 352 2798 tui
374 2742 470 2819 atque
485 2729 653 2818 pontificis,
675 2728 716 2792 N.
740 2728 964 2819 [Cuthberhti]
991 2734 1285 2799 commemoratione
1310 2735 1369 2798 de·

209 2859 349 2938 ferimus,
362 2858 429 2937 tibi,
443 2862 659 2945 [quesumus,]
670 2856 790 2922 meritis
802 2859 842 2923 ab
854 2858 999 2923 omnibus
1010 2881 1068 2924 nos
1077 2861 1203 2926 absolve
1212 2861 1363 2947 peccatis,

213 3007 270 3071 per

658 3131 701 3173 An
724 3131 910 3175 MARTYRES.

719 3242 851 3285 ORATIO·

258 3352 316 3434 (1.)
349 3351 468 3425 Presta,
497 3372 689 3434 quaesumus,
721 3353 919 3436 omnipotens
949 3356 1049 3432 Deus,
1080 3367 1117 3420 ut
1146 3358 1364 3424 intercedente

212 3470 315 3544 beato,
339 3470 380 3533 N.
403 3479 540 3555 martyre
566 3478 631 3547 tuo,
654 3492 674 3535 a
697 3470 818 3536 cunctis
840 3472 1081 3556 adversitatibus
1106 3478 1303 3544 inveniamur
1329 3483 1363 3547 in

214 3616 356 3681 corpore,
372 3605 405 3660 et
419 3619 438 3661 a
453 3596 556 3681 pravis
572 3595 814 3681 cogitationibus
828 3619 886 3663 nos
901 3600 1090 3666 mundemur
1103 3602 1137 3666 iu
1151 3615 1266 3683 mente,
1283 3629 1341 3692 per

586 3774 630 3816 AD
653 3773 766 3817 OMNES
789 3773 981 3818 APOSTOLOS·

688 3847 691 3857 Ι
721 3883 853 3926 ORATIO·

257 3997 315 4082 (1.)
340 3997 471 4073 Adesto,
484 3995 632 4074 Domine,
648 3996 908 4082 suplicationibus
928 3998 1053 4076 nostris,
1070 4009 1103 4064 et
1117 4003 1297 4088 apostolicis
1312 4006 1361 4070 in-

212 4123 454 4209 tarcessionibus
469 4124 671 4202 confidentes,
688 4145 747 4190 nec
764 4124 863 4215 minas
881 4124 1113 4212 adversantium
1128 4151 1187 4196 uec
1202 4131 1267 4196 ullo
1289 4154 1361 4217 per.

213 4249 376 4313 turbemur
390 4250 528 4326 incursu,
544 4272 601 4334 per
