2984 4920
165 418 225 477 156
531 431 765 475 suono-ssxou
789 431 922 474 mrum..

169 581 348 637 sauctorum
364 580 489 636 tuorum
505 570 579 635 sede
595 569 802 655 requiescant,
825 592 963 654 moxque
979 592 1019 634 ex
1034 570 1169 635 mortuis
1184 572 1326 636 resusci-

171 698 229 763 tati
245 698 429 783 placeantur
443 697 476 760 in
491 696 619 780 regione
635 695 784 760 vivorum.

214 821 263 884 V’.
286 820 456 885 Laetamini
471 820 503 884 in
519 820 668 884 Domino.

679 1021 811 1064 ORATIO.

219 1134 278 1217 (1.)
303 1134 426 1241 Prpstn
454 1153 635 1217 quesumus,
663 1132 810 1211 Domine,
828 1145 865 1200 ut
890 1136 1158 1201 intercedentibus
1183 1132 1329 1198 omnium

172 1259 301 1335 meritis,
318 1258 373 1344 qui
388 1279 442 1322 ore
457 1255 691 1340 continguimus
706 1279 787 1342 puro
802 1258 895 1322 corde
910 1258 1082 1343 capiamur,
1098 1279 1156 1344 per

646 1461 852 1506 ANTIPHONA.

218 1578 276 1661 (1.)
300 1577 363 1640 Via
373 1575 531 1658 justorum
541 1583 627 1638 recta
637 1575 721 1640 facts
735 1587 792 1652 est,
807 1585 839 1639 et
853 1574 915 1640 iter
927 1575 1084 1660 justorum
1109 1580 1327 1660 praeperntum

76 1688 79 1693 ¹
174 1696 231 1766 est

217 1828 268 1890 V'.
292 1825 461 1891 Laetomini
476 1826 509 1889 in
525 1825 672 1891 Domino.

680 2006 814 2049 ORATIO·

219 2122 277 2202 (1.)
305 2120 492 2184 Sanctorum
517 2121 665 2204 suffragia
689 2120 903 2204 imploremus,
923 2128 960 2182 ut
984 2141 1003 2182 a
1023 2115 1154 2191 cunctis,
1174 2114 1323 2191 Domine,

174 2245 344 2309 liberemur
358 2245 496 2323 offensis,
511 2268 568 2330 per

634 2421 711 2464 ALIA
734 2420 865 2463 ORATIO·

680 2531 813 2573 ORATIO.

221 2644 279 2727 (1.)
304 2643 435 2717 Adesto,
452 2640 599 2716 Domine,
623 2639 883 2726 suplicationibus
909 2639 1033 2718 nostris,
1058 2639 1183 2725 quasin
1199 2648 1324 2704 sancto-

173 2788 244 2830 rum
259 2775 385 2830 tuorum
400 2763 729 2829 commemorationem
744 2764 921 2841 deferimus,
938 2776 974 2829 ut
990 2765 1045 2850 qui
1060 2774 1177 2829 nostrae
1188 2763 1324 2849 justitio

174 2894 321 2959 fiduciam
336 2915 400 2956 non
413 2893 565 2957 habemus
580 2913 689 2955 eorum
705 2891 760 2977 qui
775 2890 833 2956 tibi
855 2893 1043 2979 placuerunt
1057 2891 1178 2956 meritis
1192 2889 1322 2974 adjuve-

173 3043 252 3099 mur,
272 3045 329 3108 per

535 3221 577 3263 AD
600 3221 758 3265 MORTUOS
781 3182 959 3263 PLUllIMOS.

220 3336 280 3416 (l.)
305 3333 413 3396 Dilcxi
435 3334 594 3416 quoniam.
640 3333 693 3396 Ad
717 3333 891 3396 Dominum
914 3333 1025 3397 levavi.
1074 3335 1126 3398 De
1149 3336 1323 3420 profundis.

175 3459 357 3523 Confitebor
371 3457 412 3542 (P)
437 3458 503 3535 tibi,
520 3458 667 3534 Domine,
682 3457 716 3520 in
731 3466 798 3520 toto
814 3458 907 3521 corde
923 3480 1004 3522 meo.
1050 3459 1233 3524 Exaudiet.
1250 3506 1282 3525 ..
1299 3507 1308 3524 .

590 3662 704 3706 LECTIO
727 3662 806 3704 REDl
822 3688 830 3704 .
846 3687 854 3703 .
870 3687 878 3704 .
894 3687 902 3704 .

220 3777 278 3862 (1.)
304 3777 347 3841 Et
362 3776 444 3840 sicut
459 3775 491 3839 in
508 3776 610 3840 Adam
627 3796 735 3839 omnes
746 3773 932 3848 moriuntur,
949 3772 995 3836 ita
1009 3781 1042 3836 et
1056 3771 1089 3834 in
1102 3772 1231 3837 Christo
1244 3773 1321 3839 Jesu

172 3926 280 3969 omnes
303 3904 509 3979 vivificantur,
537 3925 619 3966 unns
649 3901 732 3966 enim
763 3900 897 3986 quisque
928 3900 962 3962 in
984 3899 1093 3964 ordine
1122 3921 1179 3962 suo
1208 3900 1322 3988 inquo

173 4039 303 4095 vocatus
319 4039 375 4105 est,
392 4029 426 4091 in
441 4051 478 4092 eo
493 4037 683 4113 permaneat.

219 4157 268 4220 R'.
293 4156 451 4243 Requiem
477 4164 628 4218 setemam
654 4154 737 4216 dona
766 4151 821 4227 eis,
849 4150 996 4226 Domine,
1027 4161 1060 4214 ct
1085 4150 1141 4213 lux
1168 4160 1323 4235 perpetua

173 4286 279 4350 luceat
293 4284 347 4350 eis.
