2984 4920
540 416 773 461 sueno-semu
797 417 930 461 RITUAL.

510 557 583 632 Quo
600 568 631 621 te
647 566 816 642 sequentes
832 555 979 620 omnibus

465 682 594 746 Morum
610 703 759 767 processu
774 681 874 787 speuli

462 809 624 875 Adversus
639 829 731 872 omne
747 806 929 872 scandalum

461 936 574 1001 Crucis
588 936 726 1000 feramus
741 935 893 998 labarum.

506 1116 629 1227 Prpsta,
647 1115 751 1190 Pater,
768 1136 825 1200 per
841 1112 968 1189 Filium,

464 1243 576 1352 Prpsta
591 1265 648 1329 per
662 1241 780 1307 almum
798 1240 961 1327 Spiritum,

462 1371 544 1435 Cum
559 1369 609 1434 his
624 1391 680 1454 per
696 1391 787 1434 evum
803 1368 920 1452 triplici

465 1495 558 1558 Unus
575 1494 664 1558 Deus
680 1493 884 1578 cognomine3
910 1495 1024 1556 Anno.

601 1765 696 1827 usp'n
719 1785 762 1827 ns
784 1785 873 1828 nom.

462 1923 552 1999 Peto,
568 1922 716 2000 Domine,
733 1931 770 1987 ut
783 1922 823 1987 de
839 1920 963 1987 vincula

464 2049 530 2126 Qui
545 2049 629 2134 regis
647 2050 754 2126 lsrael,
771 2049 901 2114 intende

460 2174 556 2238 Omni
573 2184 713 2258 tempore
728 2173 871 2250 benedic,
889 2173 982 2238 Deus

460 2298 587 2363 Memor
602 2308 670 2363 esto
685 2297 741 2392 filii
758 2319 852 2384 quem
867 2319 926 2383 pai·

460 2424 587 2489 Memor
598 2434 672 2506 ‚esto
687 2423 754 2501 filii,
772 2445 868 2510 quem

457 2549 508 2611 V’.
533 2549 664 2613 Fiducia
678 2570 793 2633 magna
807 2558 856 2613 est

459 2675 508 2740 R'.
534 2675 715 2740 Sufficiebat
729 2674 820 2740 nobis

456 2798 505 2863 V‘.
529 2799 605 2864 Heu
619 2821 670 2864 me
684 2798 785 2864 filium
800 2809 900 2886 utque

460 2928 511 2990 R'.
536 2927 720 2993 Benedicite
736 2927 910 2992 Dominum
925 2925 997 2990 coeli

347 3040 349 3042 ’
460 3056 507 3119 V'.
532 3056 676 3142 Tempus
690 3064 739 3120 est
754 3065 791 3118 ut
804 3061 943 3118 revertur

460 3181 509 3243 R'.
532 3181 676 3264 Tempus
691 3188 740 3244 est
754 3187 791 3242 ut
805 3199 929 3241 reverer

459 3307 508 3370 V’.
532 3303 716 3369 Benedicite
732 3301 905 3366 Dominum
917 3298 990 3364 ooeli

587 3571 641 3633 nu’
660 3588 752 3632 uuus
776 3589 891 3633 suess.

458 3732 507 3794 A'.
531 3731 582 3794 Ne
597 3729 816 3806 reminiscaris,
834 3729 971 3794 Domine

459 3857 510 3923 Α’.
534 3856 632 3922 Omni
648 3866 788 3941 tempore
803 3855 936 3920 benedic

459 3986 508 4050 A'.
532 3985 660 4051 Memor
674 3991 742 4048 esto
755 3982 812 4046 filii
828 4003 922 4068 quem

457 4114 506 4179 Α’.
531 4112 673 4198 Tempus
689 4122 737 4178 est
753 4120 788 4176 ut
803 4117 941 4175 revertar
