2984 4920
164 411 226 476 172
539 424 774 470 annio-saxon
797 422 929 465 RITUAL.

211 565 271 613 tideo
352 581 369 628 Ἰ
410 565 441 612 f'e
469 563 544 612 ilinta-
587 559 765 609 miltheortniase
836 559 908 621 symlo
984 561 1013 607 do
1047 560 1098 623 mig
1145 560 1304 625 Berhpyniga

163 627 323 713 temporie,
347 638 380 693 et
402 650 459 714 pro
482 634 538 691 tua
574 621 787 689 misericordia
816 643 940 706 semper
966 621 1016 686 ido
1042 644 1100 688 nos
1127 645 1314 710 permanere

163 732 321 779 rnaaoendado

171 793 313 871 inlesaoo,
330 815 387 881 per

416 921 539 967 onemo
564 922 600 965 in
624 921 681 964 ma
705 920 830 963 ooossnr
853 919 897 962 an
920 920 1065 964 rammi.

342 1038 401 1101 giler*
527 1052 554 1083 ve
565 1035 614 1083 bid'
752 1033 815 1080 allm'
922 1035 967 1096 god
1017 1037 1062 1095 §to
1078 1034 1148 1084 dalle
1228 1045 1317 1087 eroon·

211 1102 270 1185 (1.)
296 1100 452 1175 Concede,
470 1118 662 1184 quaesumuo,
684 1095 883 1180 omnipotens
898 1097 998 1174 Deus,
1022 1108 1059 1162 ut
1087 1100 1142 1184 qui
1157 1120 1317 1166 resurree-

301 1204 448 1251 drihtenlioeo
508 1200 645 1263 eymbeltido
684 1196 838 1262 bigeongaff)
872 1200 1036 1264 vogieomniga
1098 1200 1158 1250 lierh
1230 1202 1317 1267 inoeig·

165 1263 260 1329 tionis
291 1266 468 1330 Dominioae
491 1262 678 1348 sollempnia
707 1261 811 1325 colere
841 1283 1077 1347 congregamur,
1104 1287 1162 1350 per
1190 1264 1318 1330 invoca-

164 1381 220 1413 enoe
293 1367 361 1416 &ineo
408 1376 483 1432 gnatae
524 1369 581 1415 from
614 1363 689 1414 dealle
749 1365 821 1412 oavlea
897 1366 989 1415 erimina
1094 1368 1200 1431 vemaegi
1254 1368 1316 1418 aeth

165 1428 284 1493 tionem
308 1431 357 1495 tui
380 1431 509 1517 spirituo
546 1452 565 1493 a
600 1437 700 1492 morte
729 1427 843 1491 animae
868 1450 1032 1515 resurgere
1062 1431 1230 1509 valeamus,
1258 1454 1318 1518 per

198 1532 270 1590 §ileo
398 1533 470 1581 driht'
599 1527 659 1578 veer’
756 1530 811 1577 hael’
882 1547 941 1580 avnr
1028 1532 1072 1582 ain
1120 1533 1188 1582 aelio
1207 1532 1252 1582 lieo
1263 1534 1316 1584 mia

166 1593 302 1657 eundem
337 1596 511 1659 Dominum
547 1603 691 1658 nostrum
723 1593 833 1655 Jesum
862 1592 963 1658 filium
997 1605 1097 1673 tuum,
1127 1597 1184 1683 qui
1208 1607 1317 1662 tecum

167 1693 238 1741 linfa&
279 1711 295 1758 Ἰ
345 1696 420 1745 ricaall
492 1698 537 1760 god
586 1697 611 1743 in
657 1694 750 1743 anniane
804 1694 926 1744 liaesilonn
997 1707 1074 1762 gastos
1153 1700 1216 1762 halg’
1255 1700 1318 1751 deth

166 1756 244 1820 vivit
269 1768 302 1822 et
328 1770 440 1844 regnet
465 1760 556 1825 Deus
579 1758 612 1823 in
642 1756 764 1821 unitate
793 1757 935 1841 ejusdem
967 1762 1104 1848 Spiritus
1129 1763 1237 1828 Sancti
1259 1787 1319 1850 per

192 1860 239 1908 allo

168 1923 273 1987 omnia
288 1925 402 1990 secula

167 2102 342 2149 INCIPIUNT
365 2106 535 2151 CAPITULAE
558 2108 601 2150 An
616 2108 766 2152 TERTIAM
786 2110 828 2152 ET
843 2110 972 2153 SEXTAM
991 2110 1033 2153 ET
1048 2110 1170 2153 NONAM
1186 2110 1318 2158 nomm.

306 2218 384 2264 faeder
432 2232 512 2264 voeme
537 2208 617 2264 'avae
639 2216 682 2264 ard
707 2219 732 2265 in
767 2218 832 2266 heof’

213 2280 272 2364 (1.)
298 2280 394 2343 Pater
417 2289 525 2343 noster
551 2279 605 2364 qui
640 2302 674 2343 es
703 2281 735 2344 in
752 2281 840 2345 coelis

168 2395 184 2444 Ἰ
202 2380 237 2444 ay
246 2383 287 2430 laee
303 2383 353 2444 vsig
400 2382 483 2443 gilaedo
516 2381 540 2428 in
561 2384 617 2429 cost'

168 2455 201 2509 et
229 2466 269 2508 ne
299 2465 356 2508 nos
375 2443 504 2508 induces
519 2444 552 2506 in
583 2447 613 2508 t’.

372 2579 439 2640 helpe
569 2595 650 2626 vseme
693 2581 718 2627 in
764 2597 831 2628 nome
913 2582 984 2630 driht'
1034 2582 1099 2632 aelle
1115 2583 1189 2647 dydee
1220 2586 1304 2637 heolon

212 2645 271 2728 (2.)
296 2641 500 2726 Adjutorium
530 2651 672 2704 nostrum
687 2642 720 2704 in
735 2643 862 2707 nomine
874 2644 1013 2722 Domini,
1042 2647 1096 2732 qui
1111 2647 1187 2712 seoit
1201 2650 1319 2715 coelum

176 2760 193 2808 Ἰ
242 2744 298 2792 eard

168 2819 202 2872 et
216 2818 339 2872 terram.

330 2947 352 2992 io
395 2943 467 2992 evoe&
534 2942 605 2991 driht'
710 2946 777 2992 milsa
857 2946 906 2993 min
955 2946 1000 2994 hael
1091 2948 1152 2996 sorel
1243 2951 1293 2999 min
1326 2944 1337 2952 ”

216 3009 274 3093 (3.)
300 3009 371 3092 Ego
396 3007 470 3082 dixi,
499 3006 646 3083 Domine,
673 3007 822 3072 miserere
848 3008 920 3084 mei,
946 3031 1022 3073 sana
1050 3011 1186 3076 animam
1216 3034 1321 3079 meam

169 3111 240 3160 s'iion
272 3113 293 3160 ic
311 3112 413 3174 syngade
445 3109 477 3157 aa

171 3172 246 3260 quia
280 3174 408 3260 peccavi
432 3172 497 3236 tibi.

308 3310 366 3356 from
389 3308 543 3369 degolniasvm
569 3306 632 3354 mini
664 3308 775 3369 geclaensa
806 3324 855 3356 meo
927 3310 998 3357 driht'
1075 3327 1092 3375 Ἰ
1130 3311 1167 3359 frf)
1195 3314 1321 3362 mecm&

216 3373 275 3456 (4.)
310 3373 362 3434 Ab
399 3369 530 3434 occultis
560 3369 638 3433 meis
660 3370 778 3434 munda
803 3393 863 3448 me,
889 3373 1036 3450 Domine,
1068 3384 1100 3438 et
1130 3377 1170 3439 ab
1200 3375 1312 3441 alienis

188 3490 248 3537 opaer
295 3489 349 3521 esne
382 3471 464 3520 ilirrvm

172 3559 266 3622 parce
282 3558 371 3601 servo
401 3545 466 3599 tuo.

333 3671 432 3734 givoend
480 3671 530 3732 raig
570 3670 593 3718 la
603 3671 647 3734 god
672 3669 816 3718 halvoendeii
856 3689 936 3720 vaerno
977 3690 993 3737 Ἰ
1022 3675 1115 3723 frocort
1154 3677 1213 3725 iorre
1260 3678 1306 3727 oin

219 3736 278 3821 (5.)
304 3735 461 3799 Converte
476 3755 543 3810 noo,
561 3734 661 3810 Deua,
677 3733 823 3798 salutaris
840 3746 956 3812 noster,
972 3747 1005 3801 et
1019 3747 1125 3802 averte
1140 3739 1219 3803 iram
1234 3751 1322 3806 tuam

173 3840 209 3888 fro
242 3855 269 3886 va

184 3902 317 3967 anobis.

335 4037 446 4098 giroonde
518 4034 589 4111 driha'
685 4033 727 4080 vio
810 4037 829 4095 'fi
880 4050 896 4098 Ἰ
966 4038 1054 4086 boonlic
1135 4038 1224 4088 vaesllv
1257 4039 1291 4086 οῖ’

220 4101 279 4185 (6.)
305 4101 471 4173 Converte,
489 4097 635 4173 Domine,
660 4119 849 4182 usquequo,
867 4098 1121 4185 etdepreoebilis
1142 4111 1210 4167 esto
1229 4124 1325 4188 super

208 4221 263 4252 esna
306 4203 363 4251 ilino

177 4288 281 4332 servos
297 4276 378 4329 tuos.
