2984 4920
549 432 783 478 nunno-saxon
808 435 940 479 atrurn.
1257 421 1317 481 181

297 569 333 618 fro
387 569 477 632 'gehaeld
549 573 686 634 morgcnlicir
754 573 796 621 via
868 581 892 622 to
965 573 1022 622 neht
1086 575 1188 639 gehybtc
1246 577 1296 624 isrl'

214 633 273 717 (3.)
299 635 329 696 A
364 633 507 698 custodia
538 635 694 700 matutina
726 658 828 721 usquc
859 637 899 700 ad
929 648 1055 702 noctem
1085 649 1191 724 speret
1223 639 1322 704 Israel

168 751 198 782 on
257 737 330 783 driht'
388 737 414 784 of
442 736 490 784 dis'
537 753 568 785 nr
617 753 634 802 7
684 738 726 786 via
776 740 801 787 in
851 741 917 802 porld

168 798 201 861 in
217 798 365 876 Domino,
382 821 422 864 ex
436 799 498 865 hbe
512 821 597 865 nunc
612 811 645 865 et
660 823 761 886 usque
776 801 808 864 in
825 801 976 868 seculum.

296 949 333 1011 gii
393 949 455 1012 ingae
542 951 567 998 in
643 943 788 1000 hvsinoilt¹
876 952 946 1001 hrses
994 946 1088 1002 mines

213 1011 272 1094 (4.)
299 1012 333 1076 si
359 1012 508 1078 introiero
534 1013 567 1077 in
588 1015 825 1079 tabernaculum
849 1014 961 1080 domus
983 1038 1074 1094 meae,

297 1163 334 1224 gif
388 1162 492 1224 ioastigo
549 1179 579 1211 on
643 1165 700 1226 lcgir
747 1165 875 1227 braedinges
892 1165 965 1214 mines

213 1225 272 1308 (5.)
299 1225 334 1289 Si
356 1225 527 1290 ascendero
549 1225 583 1289 in
609 1226 728 1291 lectum
754 1236 872 1292 stratus
897 1228 969 1304 mei,

296 1391 333 1452 gif
385 1391 407 1438 ic
418 1391 473 1438 cello
517 1390 691 1453 slepisroesen
730 1408 797 1456 egvm
861 1394 923 1441 mini
980 1409 996 1456 7
1079 1393 1160 1444 brrrm
1248 1395 1311 1442 mini

212 1454 273 1538 (6.)
300 1453 335 1517 Si
371 1453 488 1517 dedero
522 1475 689 1539 sompnum
719 1456 819 1520 oculis
856 1457 935 1520 meis
973 1467 1006 1521 et
1043 1456 1203 1542 palpebris
1243 1458 1322 1522 meis

195 1557 245 1619 slep

168 1618 290 1698 dormi',

410 1761 465 1802 raeet
578 1754 718 1820 &inpoengi
793 1756 856 1805 min?
916 1757 981 1818 ob)
1055 1756 1076 1805 ic
1086 1757 1153 1805 mitto
1239 1764 1290 1806 stov

214 1817 274 1901 (7.)
299 1769 343 1880 Fit
379 1817 521 1902 requiem
557 1817 745 1903 timporibus
782 1820 870 1896 meis,
898 1821 998 1884 donec
1027 1819 1184 1883 inveniam
1217 1819 1320 1884 locum

211 1919 284 1967 driht'
379 1919 497 1967 hvsincili
600 1921 659 1982 gode

168 1981 317 2060 Domino,
334 1981 575 2047 tabernaculum
590 1983 671 2046 Deo.

297 2134 400 2198 iogelefo
422 2135 447 2182 in
495 2136 553 2198 gode
617 2134 681 2182 feder
772 2134 834 2182 allm'
910 2134 1022 2196 sceppend
1053 2132 1182 2195 hcofnes7
1223 2131 1294 2180 corbe

214 2196 274 2279 (8.)
299 2197 403 2262 Credo
414 2197 448 2260 in
463 2197 569 2261 Deum
584 2198 712 2262 Patrem
728 2197 865 2282 omnipo'
880 2209 1053 2261 creatorem
1069 2195 1141 2260 coeli
1164 2204 1196 2259 et
1216 2203 1320 2272 terrae,

179 2297 287 2347 lichomes
387 2309 447 2350 erest
576 2303 601 2350 in
650 2302 679 2351 lif
781 2317 820 2349 cee

170 2361 282 2426 Carnis
296 2364 558 2430 resurrectionem
574 2365 607 2429 in
622 2364 720 2429 vitam
735 2373 896 2428 aeternam.
943 2364 1059 2427 Amen.

302 2515 466 2579 eftseefylled
488 2516 545 2566 mvii
585 2518 634 2565 min
700 2517 725 2564 in
765 2516 844 2564 hercn'
892 2515 936 2563 sin
976 2518 1021 2577 pte
1059 2513 1159 2576 icmoegi
1223 2513 1288 2576 cinga

213 2576 272 2659 (9.)
298 2577 474 2664 Repleatur
503 2602 538 2644 os
563 2601 669 2645 meum
698 2578 732 2641 in
761 2578 855 2642 laude
887 2587 952 2655 tua,
983 2586 1020 2642 ut
1048 2576 1166 2662 possim
1192 2586 1320 2642 cantare

194 2678 278 2755 prldrr

168 2739 309 2824 gloriam.

347 2879 480 2941 grblocdsad
538 2878 581 2927 arb
648 2879 719 2927 driht'
816 2879 860 2942 god
942 2878 1020 2926 fedore
1138 2891 1190 2925 resa
1296 2891 1313 2941 7

213 2941 296 3024 (10.)
321 2941 514 3006 Benedictus
541 2964 584 3019 es,
608 2941 758 3020 Domine,
789 2942 880 3006 Deus
913 2950 1039 3026 patrum
1068 2947 1257 3016 nostrorum,
1287 2949 1321 3004 et

183 3042 323 3104 hergiendlic
365 3057 381 3107 7
449 3045 543 3092 vldorlic
592 3058 608 3105 7
669 3044 703 3092 of'
767 3043 903 3093 bebbendlic
942 3044 967 3092 in
1011 3043 1083 3091 vorvl'

121 3142 125 3147 ·
167 3104 333 3171 laudabilis
355 3117 388 3170 et
409 3059 564 3190 gioriosus
586 3116 619 3171 et
641 3129 737 3192 super
759 3106 917 3171 exaltatus
939 3106 973 3169 in
996 3105 1111 3171 secula

341 3258 473 3319 giblocdsad
526 3257 569 3306 arb
594 3256 669 3306 avae
701 3257 816 3320 giseecvnc
854 3255 1006 3304 Baniolnisse
1047 3270 1063 3318 7
1101 3256 1195 3318 gesittes
1252 3256 1287 3304 οἳ*

212 3322 292 3405 (11.)
318 3321 511 3385 Benedictus
537 3343 570 3384 es
606 3320 661 3406 qui
695 3320 827 3385 intueris
870 3321 1019 3406 abyssos·
1042 3328 1075 3384 et
1109 3319 1193 3382 sedis
1222 3341 1319 3406 snper

231 3417 281 3471 ch'e'
385 3439 401 3487 7
450 3424 580 3486 hcrgcndlic
644 3438 661 3487 7
711 3424 822 3486 prldrrlic
896 3439 912 3486 7
985 3423 1022 3470 οἷ’
1102 3421 1237 3469 hebbcndlic
1292 3423 1317 3469 in

169 3485 340 3563 Cherubin,
371 3497 404 3551 et
434 3485 600 3550 laudabilis
633 3495 666 3550 et
696 3487 851 3570 gloriosus
888 3495 922 3550 et
958 3507 1054 3570 super
1090 3485 1248 3549 exaltatus
1284 3483 1317 3548 in

182 3589 240 3636 vori'

168 3651 283 3716 secula.

361 3801 514 3863 bloedsigave
561 3798 702 3846 sonefaeder
729 3796 940 3861 7bonesrnv7
997 3796 1058 3845 bone
1069 3805 1120 3860 gast
1202 3797 1270 3862 balga

213 3867 293 3951 (12.)
319 3864 549 3930 Benedicamus
568 3862 696 3925 Patrem
717 3871 751 3924 et
774 3859 891 3922 Filium
914 3870 947 3924 et
974 3860 1128 3944 Spiritum
1154 3861 1315 3940 Sanctum,

200 3969 307 4032 hergave
358 3982 374 4029 7
457 3964 630 4013 of’ahebbave
700 3963 755 4010 hine
787 3963 812 4010 in
835 3963 929 4010 vorvlda

167 4030 332 4096 laudemus
355 4039 388 4093 ct
408 4027 681 4114 superexaltemus
696 4047 769 4090 eum
784 4025 818 4089 in
833 4025 960 4089 saecula.

337 4179 476 4242 gibloodsiga
524 4194 541 4240 7
616 4176 713 4251 gebaldp
779 4175 828 4237 vsig
891 4176 935 4237 god
1000 4175 1071 4222 faedcr
1178 4175 1240 4252 uibn'

212 4244 292 4327 (13)
319 4242 490 4307 Benedicat
520 4251 553 4306 et
586 4239 743 4304 custodiat
776 4260 833 4302 nos
867 4239 956 4302 Deus
990 4238 1086 4302 Pater
1116 4248 1314 4324 omnipotens
