2984 4920
167 459 228 520 184
542 461 776 509 arroso-saxos
799 459 931 504 arrosa.

209 613 269 694 (3.)
293 607 394 683 Deus,
410 611 517 668 noster
531 602 697 686 refugium.

210 733 271 814 (4.)
296 729 430 806 Exaudi,
447 729 546 806 Deus,
564 727 738 792 orationem
752 745 854 789 meam
870 743 943 788 oum
959 720 1008 785 tri'

210 856 271 943 (5.)
298 855 426 920 Salvum
441 875 492 919 me
507 854 567 930 fae,
584 853 683 930 Deus,
701 850 849 937 quoniam
864 848 898 913 in
911 856 944 914 te

166 1036 202 1099 gif
230 1033 275 1084 ssee
307 1035 333 1082 in
463 1032 558 1079 moene?
699 1031 735 1078 fro
762 1030 820 1092 gode
924 1026 1006 1074 s’leten
1146 1020 1297 1082 &vongerest

166 1121 194 1164 Sl
228 1119 269 1161 ΤΕ
303 1118 341 1160 IN
371 1114 677 1159 TRIBULATIONIBUS
707 1113 729 1156 A
759 1113 825 1155 1)Εο
860 1106 1076 1153 DERELIGPUM
1109 1103 1315 1156 INTELLIGAS,

246 1200 372 1264 gebegdvm
459 1197 537 1244 hearte
612 1196 693 1259 gesing
768 1193 814 1242 iias
873 1194 955 1241 salmas
1028 1190 1053 1237 in
1096 1187 1200 1234 hereniae
1244 1185 1317 1246 godes

210 1283 408 1328 coNPUNcro
442 1280 551 1324 CORDE
582 1279 732 1324 DEcAN'ra
764 1278 828 1322 HOS
850 1275 996 1321 Psaamos
1020 1273 1056 1317 IN
1080 1269 1219 1314 LAUDEM
1251 1267 1308 1309 DEI

224 1373 248 1413 to
321 1365 357 1412 tid
457 1378 505 1410 non

211 1448 255 1492 AD
278 1447 399 1491 HORAM
421 1445 552 1488 NONAM.

213 1568 275 1650 (1.)
300 1563 413 1647 Usque
429 1581 502 1646 quo,
519 1559 668 1637 Domine,
684 1557 842 1623 oblivisoe'

214 1688 274 1773 (2.)
300 1689 395 1763 Inte,
412 1687 560 1766 Domine,
579 1686 711 1774 speravi,
727 1708 791 1750 non
808 1685 935 1750 confun’

214 1814 275 1899 (3.)
300 1815 400 1890 Deus,
416 1813 546 1878 auribus
560 1812 677 1878 nostris
695 1811 872 1877 audivimus

215 1942 285 2029 (4.)
302 1939 437 2016 Exaudi,
454 1941 554 2018 Deus,
571 1940 744 2006 orationem
759 1959 870 2014 meam,
887 1945 920 2001 et
934 1957 974 2001 ne
990 1935 1049 1999 dis’

216 2066 278 2154 (5.)
302 2065 458 2131 Miserere
473 2067 545 2144 mei,
562 2067 710 2144 Domine,
727 2065 875 2151 quoniam
891 2062 1013 2128 conoul’

217 2195 278 2278 (6.)
304 2192 458 2256 Miserere
473 2193 546 2270 mei,
564 2193 664 2269 Deus,
680 2191 829 2256 miserere
844 2190 915 2255 mei.

217 2319 278 2402 (7.)
302 2315 390 2380 Voce
405 2338 476 2381 mea
490 2316 530 2381 ad
546 2317 720 2380 Dominum
735 2316 876 2382 clamavi.

218 2440 281 2526 (8.)
305 2439 378 2504 Vox
393 2461 464 2506 mea
478 2440 518 2505 ad
533 2439 706 2505 Dominum
722 2449 755 2505 et
769 2439 868 2504 inten'

188 2623 243 2672 aeft'
319 2623 369 2683 pvt'
473 2620 609 2668 onfoendvm
676 2619 808 2681 smyltnisae
877 2633 894 2680 ⁴1
1032 2617 1126 2667 emisse
1278 2621 1322 2670 iias

175 2706 254 2750 POST
291 2703 407 2748 AUTEM
453 2703 624 2746 ACCEPTAM
670 2701 823 2752 QUIETEM
870 2702 910 2746 AC
947 2701 1220 2747 PROSPERITATEM
1258 2706 1322 2748 Hos

320 2786 433 2853 salmas!
466 2792 490 2833 to
565 2785 641 2833 eferne
717 2801 747 2833 on
795 2784 899 2832 herenise
941 2786 1011 2848 godes
1067 2787 1147 2849 gesing

284 2868 431 2914 PSALMOS
453 2868 497 2912 AD
518 2868 694 2912 VESPERUM
717 2868 755 2912 IN
777 2867 918 2912 LAUDEM
952 2869 1009 2911 DEI
1040 2869 1200 2914 DECANTA.

222 2981 283 3062 (1.)
307 2979 500 3046 Benedioam
516 2981 690 3046 Dominum
706 2981 839 3045 inomni
855 2991 1008 3068 tempore.

222 3106 284 3191 (2.)
302 3105 459 3183 Benedio,
475 3106 580 3171 anima
594 3128 673 3183 mea,
690 3105 872 3170 Dominum.

223 3233 284 3315 (3.)
309 3231 467 3297 Exaltabo
482 3240 524 3308 te,
540 3231 631 3297 Deus
646 3253 745 3309 meus,
761 3254 826 3297 rex.

190 3432 206 3478 Ἰ
249 3418 273 3464 in
306 3418 386 3465 aelevm
462 3417 519 3463 tiide
659 3415 765 3465 eiinisses
895 3417 968 3481 aymla
1058 3433 1152 3480 ymmon
1201 3417 1260 3466 &ara
1271 3419 1329 3467 iirea

178 3500 219 3542 ET
242 3500 280 3542 IN
302 3500 391 3542 omui
414 3498 572 3542 TEMPORE
595 3499 847 3544 PROSPERITATIS
871 3501 1001 3544 SEMPER
1031 3501 1160 3544 YMNUM
1205 3503 1317 3546 TRIUM

462 3583 575 3630 cnehtana

416 3665 605 3708 PUERORUM
626 3665 662 3708 IN
685 3665 825 3708 LAUDEM
848 3667 904 3709 nal
928 3648 1087 3711 DECANTA'.

195 3859 197 3862 Ι
225 3776 287 3864 (1.)
312 3777 507 3856 Benedicite,
523 3757 629 3844 omnia
644 3801 741 3865 opera
755 3779 895 3856 Domini,
912 3779 1095 3844 Dominum.

196 3961 233 4024 gii
272 3961 383 4026 bigeonga
442 3961 486 4010 &aa
518 3962 653 4012 svvoldeat
699 3980 728 4012 on
763 3965 919 4027 godeovndvm
987 3965 1086 4015 herenia'
1182 3962 1263 4025 gesing

203 4046 232 4089 Sl
254 4046 429 4090 EXERCERE
443 4047 485 4088 TE
506 4047 670 4091 VOLUERIS
697 4048 735 4089 IN
779 4048 904 4092 DIVINIS
948 4048 1123 4105 LAUDIBUS,
1147 4046 1307 4090 DECANTA.

227 4159 291 4245 (1.)
316 4159 410 4224 Beati
424 4159 618 4225 immaculati
632 4159 666 4223 in
680 4159 739 4236 via,
756 4158 811 4244 qui
826 4157 988 4224 ambulant
1002 4159 1037 4224 in
1051 4159 1122 4244 lege
1138 4160 1277 4226 Domini.
