2984 4920
225 422 286 482 182
604 436 838 482 aunnosnxou
863 437 994 481 niuniu.

220 575 284 624 sodo
316 575 398 639 porhto
438 574 520 624 heoson
581 590 597 640 7
657 575 728 624 eorde
821 591 853 624 ιω
936 589 952 639 Ἰ
1024 575 1069 622 ullo
1141 575 1213 625 &ade
1251 580 1276 627 in
1309 579 1373 629 Saem

221 639 275 724 qui
316 639 390 704 fecit
420 639 536 704 coelum
573 651 606 705 et
637 647 764 720 terram,
796 659 892 715 mare,
930 648 964 703 et
1000 638 1106 702 omnia
1142 661 1215 724 quae
1251 642 1285 705 in
1327 644 1374 708 cis

234 757 290 788 aron

218 813 301 867 sunt

378 940 509 988 emeodvma
573 941 644 988 driht'
709 938 785 988 naehtc
813 939 877 988 tiss?
902 940 973 988 butun
1012 955 1087 1002 synna
1136 940 1186 1003 vsig
1227 943 1325 1005 gehalda

264 1000 343 1084 (14.)
402 1002 519 1086 ignare,
536 1003 683 1079 Domino,
700 1012 792 1067 nocte
818 1003 880 1066 ista
902 1003 969 1067 sine
984 1012 1115 1087 peccato
1130 1025 1187 1068 nos
1202 1007 1371 1072 custodire.

722 1208 867 1252 OREMUS·

377 1320 461 1396 girihta
542 1335 559 1383 7
624 1320 720 1383 gehnlda
777 1320 965 1384 &vgimeodvma
1020 1322 1092 1370 driht'
1205 1324 1250 1387 god
1299 1326 1371 1389 cynig

261 1382 320 1467 (1.)
345 1381 492 1467 Dirigere
531 1393 565 1448 et
602 1383 760 1448 custodire
797 1384 946 1469 digneris,
990 1385 1127 1449 Domine
1173 1387 1273 1464 Deus,
1311 1411 1370 1453 rex

215 1485 309 1533 heofnes
343 1499 359 1549 Ἰ
396 1485 467 1534 corde
506 1485 531 1533 iu
555 1484 631 1534 &isser
662 1486 741 1535 naehte
781 1486 860 1534 hcarto
900 1501 917 1550 7
976 1487 1074 1535 lichum
1142 1504 1183 1536 vsa
1254 1490 1274 1549 ᾗ
1307 1488 1369 1539 δετῐι

231 1548 302 1611 coeli
331 1570 369 1613 ac
389 1558 482 1624 terre,
506 1548 539 1612 in
569 1548 631 1613 ista
655 1559 748 1612 nocte
775 1550 870 1613 corda
898 1559 932 1613 et
956 1571 1088 1636 corpora
1111 1560 1228 1628 nostra,
1244 1560 1281 1615 ut
1310 1575 1369 1637 per

216 1649 260 1698 &eo
302 1651 354 1698 halo
400 1620 470 1699 vossii
521 1665 632 1713 vomaego
723 1651 814 1698 haelend
846 1652 1009 1713 middangeord
1114 1652 1164 1700 mio
1220 1634 1291 1702 faeder
1340 1670 1358 1718 7

224 1723 256 1777 te
291 1713 368 1777 salvi
396 1735 465 1778 esse
496 1713 662 1798 possimus,
702 1713 838 1777 salvator
867 1715 986 1790 mundi,
1015 1715 1070 1800 qui
1103 1737 1177 1780 cum
1208 1716 1303 1781 Patre
1332 1727 1367 1782 ct

244 1824 308 1879 geste
373 1817 440 1880 halgi
487 1816 559 1865 liofass
588 1831 604 1879 7
644 1815 720 1864 riesaa
775 1818 820 1879 god
864 1816 924 1864 terh
967 1817 1012 1864 cllo
1081 1819 1139 1866 vorl'

211 1879 333 1964 Spiritu
350 1879 467 1945 Sancto
481 1880 559 1945 vivis
574 1888 607 1944 et
621 1901 734 1964 regnas
750 1879 850 1956 Deus,
867 1901 923 1964 per
938 1879 1043 1943 omnia
1058 1881 1173 1945 secula.

313 2026 315 2029 ·
376 2021 434 2062 esett
506 2014 577 2061 driht'
684 2013 774 2075 gchaeld
829 2011 900 2061 mvsse
927 2015 1043 2075 mini7
1116 2015 1158 2062 dor
1248 2015 1366 2076 ymbston-

262 2077 321 2162 (2.)
376 2098 444 2153 one,
470 2077 618 2152 Domine,
645 2076 819 2140 custodiam
847 2076 893 2139 ori
919 2098 998 2152 meo,
1016 2087 1049 2140 et
1073 2076 1208 2141 hostiam
1232 2078 1366 2142 circum-

219 2180 346 2227 dennisses'
368 2179 445 2226 vaeler'

217 2241 342 2306 stantiae
357 2241 446 2306 labis.

352 2378 378 2424 in
420 2377 499 2454 aelcvm
532 2384 596 2425 stoue
671 2377 832 2454 lsfcrdscipes·
881 2378 956 2454 ,δοκε
1020 2379 1113 2454 blocdsn
1186 2379 1247 2454 savo}
1306 2379 1356 2426 min

261 2441 320 2524 (3.)
345 2439 383 2516 In
411 2461 496 2504 omn1
524 2440 594 2504 loco
628 2439 851 2505 dommatloms
880 2441 965 2505 1lhus
998 2442 1141 2518 benedic,
1164 2461 1268 2505 anima
1281 2462 1361 2518 mea,

255 2542 325 2590 driht'

215 2604 397 2668 Dominum.

376 2737 447 2787 driht'
533 2738 603 2801 gehen
682 2739 771 2802 gcbedd
851 2741 900 2788 min

259 2802 318 2885 (4.)
343 2801 490 2880 Domine,
508 2801 623 2866 exaudi
638 2803 810 2867 orationem
825 2825 940 2892 meam,

443 2939 488 2987 coir
552 2939 600 2986 miu
649 2947 673 2987 to
700 2938 732 2987 Se
775 2956 841 3002 cyme

258 3002 318 3086 (5.)
343 2953 388 3066 Fit
402 3002 518 3066 clamor
533 3023 622 3065 meus
642 3002 682 3065 ad
702 3011 734 3066 te
755 3003 869 3066 veniat.

357 3134 444 3184 icahof
505 3149 547 3197 ego
611 3135 673 3182 mino
708 3141 732 3182 to
781 3136 844 3182 mor?

257 3199 315 3283 (6.)
341 3197 459 3263 Levavi
474 3197 582 3262 oculos
597 3219 684 3261 meos
698 3197 738 3261 ad
753 3207 885 3261 montes.

503 3399 625 3442 POSTEA
647 3398 814 3448 SEQUITUR
837 3397 960 3440 ORATIO
983 3397 1063 3440 ISTA·

372 3535 443 3586 driht’
524 3535 568 3600 god
689 3536 752 3584 silm'
832 3534 909 3583 &voc
936 3535 1066 3597 gesceadest
1124 3534 1174 3583 leht
1206 3536 1263 3584 from
1296 3536 1358 3586 itius-
1399 3581 1403 3589 ,

256 3602 315 3688 (1.)
340 3600 478 3665 Domino
495 3600 587 3664 Deus
609 3599 817 3684 omnipotens,
843 3598 898 3683 qui
920 3597 1073 3682 separasti
1096 3597 1200 3662 lucem
1226 3621 1245 3662 a
1271 3609 1359 3665 tene-

209 3715 270 3756 trvm
308 3704 352 3753 &ec
368 3703 541 3765 vndemgcnlici
605 3702 678 3750 baadi
773 3700 922 3763 vegibiddat
968 3703 1011 3761 dte
1048 3699 1106 3746 itcrh
1156 3700 1201 3747 itas
1250 3701 1357 3764 of'tocy-

209 3769 284 3845 bris,
319 3777 351 3832 te
388 3765 530 3830 subnixis
570 3766 717 3850 precibus
762 3785 937 3838 exoramus,
978 3773 1015 3826 ut
1048 3785 1105 3846 per
1137 3763 1219 3827 hanc
1249 3785 1357 3847 super-

210 3873 304 3922 mendes
379 3870 469 3918 uaehtes
504 3876 660 3930 ....strvng
691 3866 735 3914 oin
767 3867 818 3928 vsig
860 3867 960 3928 gescilda
1001 3864 1135 3913 tivsvitra
1159 3868 1204 3926 itte
1221 3882 1250 3913 on
1282 3867 1357 3914 lehtes

208 3945 350 3999 venturae
371 3933 473 3998 noctis
493 3931 660 4014 caliginem
680 3939 736 3994 tua
756 3951 814 3993 nos
837 3936 983 4012 protegat
994 3928 1135 4006 dextera,
1160 3939 1196 3993 ut
1218 3929 1249 3992 in
1274 3929 1356 3994 lucis

208 4038 355 4101 amorgenlic
419 4035 464 4083 ullo
545 4033 642 4081 ariscve
725 4031 834 4094 gcfeandc

208 4123 352 4166 auroram
383 4097 490 4164 cuncti
506 4116 670 4181 surgamus
685 4095 868 4181 gaudentes,
886 4114 943 4177 per
958 4093 1002 4156 D'
