2984 4920
164 407 223 467 196
539 422 773 465 Amano-saxon
799 423 931 465 emuna.

305 561 411 623 seeadga
461 561 504 608 lve'
585 560 703 637 Begodsp'
785 569 872 623 gerente
920 559 1008 608 iniiaer
1018 560 1086 624 byrig
1114 562 1139 609 in
1166 561 1315 625 aaermeght

211 627 269 709 (3.)
296 625 416 688 Beatus
428 622 533 687 Lucas
544 623 736 708 evangelista
747 623 904 708 requievit
935 623 1077 699 Boohtia,
1109 624 1142 687 in
1157 625 1318 709 provincia

215 727 388 789 mesopotamia*

168 788 411 875 Mesopotamia.

306 941 410 1002 seeadga
518 939 564 986 ioh'
717 940 763 1001 apl'
869 954 885 1001 Ἰ
982 940 1062 1002 godsp'
1198 951 1286 1004 gerente

214 1005 273 1089 (4.)
300 1004 420 1068 Beatus
462 1001 623 1067 Johannes
659 1001 820 1086 apostolus
858 1011 891 1066 et
927 1003 1120 1087 evangelista
1163 1004 1320 1089 requievit

169 1107 256 1157 intaer
266 1107 334 1169 byrig
356 1121 386 1154 on
451 1104 536 1180 megin&
612 1105 672 1152 assia

193 1171 326 1245 Effesso,
352 1169 385 1232 in
408 1167 569 1253 promneia
591 1167 694 1231 Assia.

309 1340 415 1402 seeadge
487 1339 563 1388 iohan’
662 1341 743 1388 sabaeo
831 1337 937 1400 gerente&
993 1341 1019 1387 in
1067 1338 1150 1388 oeaata'
1199 1341 1305 1402 ginomad

216 1401 275 1482 (5.)
301 1400 420 1466 Beatus
445 1403 606 1467 Johannes
631 1403 769 1468 babtista
794 1400 964 1486 requiescit
988 1401 1022 1466 in
1046 1403 1173 1467 civitate
1194 1403 1322 1468 nomine

199 1505 290 1552 sabasta

175 1566 314 1631 Sabasta

309 1719 415 1780 seeadga
480 1727 543 1780 petre
650 1717 688 1780 ap’
815 1727 914 1782 gerentes
996 1736 1057 1767 rome
1107 1735 1137 1766 on
1201 1718 1302 1794 megae·

219 1781 278 1861 (6.)
304 1779 424 1880 Beatus
449 1781 565 1846 Petrus
590 1781 751 1867 apostolus
775 1782 944 1867 requiescit
972 1782 1084 1846 Romae
1106 1781 1139 1844 in
1164 1803 1325 1866 provmela

199 1883 272 1930 tvscia

85 1997 88 2002 .
173 1944 301 2008 Tuscia.
350 1988 352 1992 »

311 2105 412 2167 seeadg'
475 2105 536 2167 pavl'
644 2107 682 2166 ap’
811 2101 916 2165 geresteii
998 2107 1054 2150 rom'
1106 2120 1136 2151 on
1216 2102 1286 2165 magr&

219 2168 278 2250 (7.)
304 2168 424 2232 Beatus
441 2167 560 2231 Paulus
584 2166 746 2251 apostolus
772 2165 942 2250 requiescit
968 2166 1080 2230 Romae
1105 2167 1138 2230 in
1165 2165 1326 2251 provincia

206 2273 308 2331 campan'

174 2332 358 2416 Campania.

320 2492 421 2553 seeadg'
463 2475 559 2538 andieas
659 2489 696 2551 ap’
809 2487 914 2551 gerestets
948 2487 1106 2551 iniiaerbyrig
1122 2504 1152 2536 on
1200 2488 1293 2552 megae

220 2555 279 2636 (8.)
305 2553 425 2617 Beatus
441 2555 585 2617 Andreas
601 2552 761 2636 apostolus
777 2551 947 2635 requiescit
975 2551 1095 2627 Patras,
1118 2551 1151 2614 in
1166 2552 1327 2637 provincia

190 2656 269 2703 achaia

177 2717 308 2782 Achaia.

326 2873 414 2923 seead'
482 2874 546 2921 iacob
654 2874 692 2933 ap'
812 2868 918 2932 genesta&
1040 2870 1103 2916 hieri
1191 2886 1221 2917 on
1245 2869 1328 2933 megae

223 2940 282 3023 (9.)
308 2939 429 3002 Beatus
444 2931 588 3000 Jacobus¹
602 2933 764 3019 apostolus
782 2932 954 3017 requiescit
969 2931 1170 2996 Hierusalem
1194 2933 1227 2996 in
1257 2955 1329 3017 pro·

313 3042 376 3103 syria

176 3103 279 3168 vincia
296 3104 395 3189 Syria

350 3258 436 3308 seead'
534 3259 632 3307 barthol'
793 3261 830 3319 ap'
936 3256 1041 3319 gerestet
1104 3257 1331 3322 licao'iniiaerbyr'

224 3327 307 3407 (10.)
333 3323 453 3386 Beatus
470 3321 712 3386 Bartholomeus
727 3320 890 3405 apostolus
905 3320 1076 3404 requiescit
1141 3321 1302 3399 Licaonia,

178 3425 204 3472 in
276 3424 352 3486 maego
425 3423 526 3471 armenia

179 3487 211 3550 in
227 3487 387 3572 provincia
402 3485 562 3550 Armenia.

353 3648 439 3694 seeed'
513 3647 585 3694 thom'
691 3649 729 3707 ap'
793 3644 1012 3708 gerestatttgireste
1020 3645 1131 3693 aetfrima
1161 3643 1256 3693 inssaem
1265 3647 1334 3709 byrig

226 3710 307 3793 (11.)
334 3709 453 3774 Beatus
470 3708 612 3775 Thomas
635 3708 797 3793 apostolus
884 3708 1054 3793 requiescit
1195 3708 1320 3786 Emina,

180 3829 210 3860 on
245 3812 309 3859 india
390 3827 495 3860 saracena

180 3875 214 3938 in
230 3873 322 3937 India
339 3875 574 3939 Saracenorum.

355 4031 441 4080 seead’
516 4033 598 4094 philip'
740 4034 776 4093 ap'
903 4029 1008 4091 geresteo
1078 4031 1103 4078 in
1114 4030 1178 4079 aare
1189 4032 1256 4095 byrig
1304 4049 1334 4080 on

194 4097 309 4181 (BQ.)
335 4096 455 4159 Beatus
478 4095 647 4180 Philippus
677 4094 839 4179 apostolus
867 4092 1038 4176 requiescit
1111 4095 1227 4180 Eropo‚
1299 4096 1333 4158 in

221 4198 304 4274 meg’de
384 4199 450 4260 fxigia

181 4260 341 4348 prouincia
358 4261 472 4345 Frigia
