2984 4920
577 449 811 496 ANGLO·SAXON
835 453 967 498 RITUAL.

273 699 397 744 ORATIO
421 699 486 744 Puo
512 700 809 749 uuuuu'rlsumuus
839 705 964 751 SECULO
995 707 1037 750 ET
1067 705 1212 751 csuomo
1244 706 1281 750 SE

654 789 895 836 TRADENTIBUS·

529 924 617 974 venir·
760 926 823 1003 mm·
945 927 991 990 gor
1050 929 1094 989 se
1134 927 1188 1006 ons
1260 945 1314 978 esne

241 989 300 1074 (1.)
326 989 448 1066 Presto,
480 1010 662 1074 quesumus,
694 998 894 1076 omnrpotens
923 990 1024 1067 Deus,
1053 1001 1091 1055 ut
1119 991 1194 1056 hmo
1226 992 1346 1056 famulo

194 1093 252 1143 uin?
388 1091 456 1142 sede
496 1100 521 1140 to
619 1093 747 1142 ofsettenne
827 1094 934 1158 giraldi
996 1094 1088 1143 heafdes
1142 1094 1180 1143 his
1260 1096 1294 1144 f'e

192 1168 258 1236 tuo,
294 1156 358 1234 illo,
395 1156 451 1242 qui
490 1155 531 1220 ad
561 1155 780 1241 deponendam
819 1178 941 1222 comam
985 1157 1098 1243 capitis
1134 1158 1185 1222 sui
1214 1168 1345 1245 propter

234 1261 283 1311 tva
391 1260 446 1308 erist
501 1260 596 1308 bearnes
620 1258 672 1307 δίη·
722 1261 811 1308 oefistis
875 1261 907 1309 sel
987 1268 1038 1324 gest
1154 1261 1217 1326 hslig
1281 1262 1347 1312 sede

194 1345 333 1389 amorem
360 1321 481 1389 Christi
524 1321 582 1386 filii
621 1321 669 1388 tui
699 1322 838 1400 festinat,
869 1324 910 1388 da
937 1322 1090 1410 Spiritum
1107 1324 1259 1390 Sanctum
1289 1327 1343 1412 qui

192 1428 324 1477 onlionisei
395 1425 525 1475 aefeostnis'
572 1439 602 1472 on
661 1425 716 1474 hine
829 1443 868 1475 eoe
1012 1427 1104 1491 gualdo
1172 1428 1208 1476 iro
1248 1429 1327 1492 mid'g'

192 1490 336 1556 habitum
374 1486 537 1573 religionis
574 1487 608 1551 in
649 1510 722 1553 eum
762 1500 952 1575 perpetuum
975 1491 1140 1568 custodiet,
1178 1513 1199 1556 a
1233 1492 1344 1555 mundi

267 1593 356 1655 gilstto’
501 1590 650 1654 porvldlievm
724 1592 783 1640 lvste
842 1593 920 1642 hesrte
963 1593 1000 1642 hi's
1050 1595 1144 1657 giseilde
1195 1596 1239 1655 dte
1282 1611 1329 1644 svae

192 1655 417 1741 impedimento
432 1652 483 1717 vel
509 1653 643 1718 seculari
672 1654 828 1720 desiderio
855 1677 910 1720 eor
938 1656 1008 1741 ejus
1023 1657 1180 1734 defendat,
1202 1667 1240 1722 ut
1262 1657 1344 1722 siout

190 1757 395 1822 sieymbroended
412 1773 442 1804 on
467 1756 561 1804 onsione
598 1773 644 1806 srae
690 1757 753 1806 hond
829 1757 915 1808 sridne
955 1758 1031 1809 &inrue
1063 1761 1088 1808 in
1130 1760 1186 1808 hine
1234 1775 1334 1823 maegnes

213 1822 389 1886 inmutetur
410 1819 444 1883 in
466 1818 567 1896 vultu,
600 1819 645 1884 itu
670 1842 782 1886 manus
808 1821 938 1887 dextere
968 1833 1023 1888 tue
1057 1822 1091 1886 in
1120 1845 1193 1887 eum
1217 1823 1343 1887 virtutis

206 1925 285 1988 giselle
335 1925 380 1984 itte
394 1923 454 1972 from
482 1923 538 1972 elei
602 1923 709 1972 blinnise'
775 1928 852 1974 menn'
927 1941 968 1989 ego
1050 1934 1137 1990 rntyns
1185 1941 1202 1989 Ἰ
1262 1926 1311 1974 leht

192 1988 320 2064 tribuat,
338 1995 375 2051 ut
400 1987 441 2052 ab
465 1985 552 2050 omni
569 1987 721 2053 coecitate
740 1987 880 2054 humens
899 1989 1007 2055 oculos
1030 1989 1151 2076 aperiat
1176 1999 1209 2054 et
1231 1988 1340 2053 lumen

257 2089 358 2140 eoelices'
429 2089 480 2154 gefe
579 2089 649 2153 i'gefs

195 2153 392 2220 aeternitatis
406 2151 517 2238 gretiae
533 2152 693 2230 concedet,
708 2175 766 2243 per
780 2155 824 2218 D'

511 2375 586 2418 num
608 2375 729 2419 roums
751 2376 825 2420 nuru
849 2375 934 2422 nrcrs
956 2361 1019 2421 nu'.

239 2540 274 2589 div
305 2538 350 2588 mii
416 2537 488 2586 driht’
535 2536 611 2586 divite
642 2537 751 2585 estnives
800 2553 838 2586 me

231 2603 287 2667 Tu
308 2623 353 2678 es,
376 2599 524 2676 Domine,
547 2599 603 2684 qui
624 2599 772 2665 restitues
786 2600 873 2664 mihi.

234 2733 285 2797 V'.
308 2729 476 2808 Dominus,
491 2751 564 2815 pars
579 2737 612 2794 et
626 2729 733 2816 gloria.

457 2865 502 2915 tes
566 2865 633 2914 onfoe
696 2865 823 2929 blosdsvng

233 2931 322 2996 lusu
336 2933 400 2995 nu'.
446 2929 512 2995 Hic
526 2928 661 3015 accipiet
674 2928 842 2994 benedicti.

464 3063 519 3113 &ios
568 3063 589 3112 is
631 3062 789 3113 iiioonsoreso

234 3130 321 3194 Irsru
337 3131 401 3193 nu’.
447 3129 539 3194 Haec
552 3136 602 3192 est
630 3128 800 3212 generatio.

312 3345 489 3396 POSTQUAM
511 3343 666 3388 TONSURA
688 3345 790 3389 mern
812 3344 869 3389 EST
891 3345 1059 3397 SEQUITUR
1081 3350 1212 3397 ORATIO·

350 3507 420 3570 gionn
501 3506 589 3555 vebid'
728 3506 791 3583 sllm’
905 3508 951 3571 god
999 3511 1044 3570 W
1116 3530 1169 3564 esne
1261 3516 1305 3566 tin

235 3571 294 3656 (1.)
320 3570 440 3648 Prema,
457 3591 640 3655 quesumus,
664 3579 862 3656 ommpotens
876 3570 977 3649 Deus,
1004 3583 1041 3639 ut
1068 3575 1221 3642 famulum
1235 3588 1336 3658 tuum,

205 3673 257 3724 iiten
310 3681 335 3722 to
429 3673 514 3737 givaeld
553 3672 646 3721 besides
677 3671 715 3722 his
746 3674 780 3722 s’e
808 3674 927 3737 godcrnde
966 3676 1015 3724 lviv
1057 3679 1339 3746 vebidrvoeofscyvron

189 3736 317 3824 cujush
358 3737 388 3802 ie
404 3757 526 3803 comem
541 3735 654 3822 capitis
669 3737 719 3801 sui
732 3759 790 3824 pro
815 3737 921 3802 divino
939 3761 1044 3804 amore
1091 3742 1303 3829 deposuimus,

189 3845 233 3903 fite
255 3858 286 3890 on
312 3840 370 3889 sins
448 3841 497 3890 lviv
604 3840 676 3904 punio
767 3856 784 3903 Ἰ
816 3840 871 3889 hine
899 3841 969 3890 brtan
1019 3846 1086 3892 vome
1126 3862 1157 3894 on
1253 3851 1339 3898 ecnisse

188 3917 225 3971 ut
253 3905 287 3968 in
309 3913 366 3970 tuo
379 3903 547 3970 dilectione
558 3913 749 3992 permaneat,
763 3915 797 3970 et
807 3925 881 3970 eum
900 3904 969 3970 sine
992 3907 1116 3974 macula
1129 3909 1161 3975 in
1173 3912 1337 3998 sempiter-

300 4008 378 4070 gihnld
389 4006 424 4055 tv

187 4091 264 4134 num
280 4069 447 4137 custodias
