2984 4920
528 465 764 512 suono-saxon
788 469 919 515 umuli„
1259 459 1300 519 89

142 601 231 650 deleres
287 603 356 653 &ines
614 608 723 671 gimynde
838 611 998 659 vetosceodon
1034 613 1078 671 lite
1102 611 1177 660 oeae
1217 615 1283 661 rs’rm

141 663 267 731 fessonis
297 668 353 744 tui,
379 667 474 745 illius,
505 670 800 737 commemoratione
824 672 1010 751 deferemus,
1038 684 1075 738 ut
1106 676 1162 761 qui
1190 685 1298 740 nostre

148 767 254 818 sodiaest’
318 773 398 821 beeldo
480 787 510 820 ne
574 774 672 822 abbave
760 775 797 822 his
830 774 897 824 sebe
930 775 963 824 be
995 777 1127 840 gicvoemde
1176 779 1249 827 beudi

135 831 270 914 justitiae
296 835 443 900 fiduciam
464 857 528 899 non
551 836 713 912 habemus,
744 839 813 922 ejus
840 838 896 924 qui
920 838 979 904 tibi
1005 840 1126 925 placuit
1148 841 1298 926 precibus

141 937 324 1001 vosiesholpen

140 999 334 1084 adjuvemur,
361 1023 419 1088 per
442 1001 617 1066 Dominum

279 1135 357 1200 halges
446 1138 564 1184 oudeteres
615 1135 684 1185 &ines
761 1142 764 1146 '
840 1138 891 1202 vsig
982 1139 1071 1188 vebid'
1181 1139 1252 1187 driht'

185 1198 244 1282 (7.)
271 1198 379 1263 Sancti
407 1199 594 1264 confessoris
623 1200 680 1276 tui,
707 1199 802 1277 illius,
834 1223 900 1277 nos,
933 1224 1115 1286 quesumus,
1144 1202 1291 1277 Domine,

155 1301 212 1349 soild
285 1302 381 1350 fultum?
454 1304 499 1362 §te
541 1302 579 1349 his
654 1303 727 1365 symle
856 1303 999 1367 bingrngrm
1100 1322 1128 1353 ve
1139 1305 1172 1353 sie
1183 1304 1281 1366 aholpen

138 1371 228 1429 tuere
257 1365 423 1451 praesidiis,
456 1375 494 1429 ut
526 1365 595 1450 ejus
632 1387 756 1451 semper
788 1365 1066 1432 intercessionibus
1096 1368 1290 1453 adjuvemur,

139 1533 198 1598 per

299 1649 361 1712 helg'
661 1651 781 1699 ondeteres
862 1649 915 1698 bin’
1108 1649 1185 1713 girato
1249 1665 1277 1696 vs

182 1712 241 1796 (8.)
282 1711 401 1788 Sancti,
437 1711 584 1788 Domine,
633 1712 822 1778 confessoris
867 1713 925 1789 tui,
959 1711 1055 1789 illius,
1093 1712 1198 1777 tribue
1235 1733 1293 1775 nos

249 1815 322 1863 boens
441 1814 676 1878 literesienholpsn
696 1819 741 1876 bte
798 1814 849 1864 baes
962 1814 1077 1877 giliornise
1191 1815 1275 1877 gerlioi

136 1875 419 1961 supplicationibus
506 1877 613 1952 foveri,
700 1887 735 1942 ut
779 1878 871 1962 cujus
915 1877 1145 1960 depositionem
1186 1898 1292 1941 annuo

164 1994 192 2026 ve
219 1978 224 1990 '
249 1978 308 2026 ersis
371 1977 474 2025 hernioso
554 1978 591 2026 his
650 1978 700 2026 mi&
734 1979 778 2028 bec
875 1978 992 2043 bingvngi
1107 1996 1125 2043 7
1169 1983 1286 2041 eamvngi

137 2039 204 2105 cele
227 2061 332 2104 ramus
354 2039 515 2126 obsequio,
540 2040 609 2124 ejus
632 2041 718 2126 apud
740 2052 772 2109 te
797 2041 1075 2107 intercessionibus
1105 2052 1138 2107 et
1174 2042 1295 2107 meritis

138 2159 166 2191 ve
177 2143 210 2191 sie
220 2142 367 2206 gifremmedo
380 2140 418 2206 (Ρ)

138 2206 403 2282 commendemur,
446 2226 504 2291 per
526 2205 568 2270 D'

298 2341 375 2405 gihelp
430 2340 480 2403 vsig
544 2341 615 2389 driht'
760 2342 829 2405 gibed
990 2343 1061 2406 halig'
1192 2341 1261 2390 ilinra

181 2405 240 2490 (9.)
266 2405 393 2490 Adjuva
421 2425 489 2480 nos,
517 2403 664 2481 Domine,
695 2404 917 2491 deprecatione
944 2415 1124 2470 sanctorum
1154 2415 1290 2481 tuorum,

147 2523 164 2571 7
197 2507 373 2558 besd'v'lf'bon
404 2508 487 2570 eadges
562 2509 681 2556 ondeteres
948 2507 1065 2572 bingvnge
1183 2509 1254 2556 dn'ht'

136 2581 170 2637 et
205 2571 355 2658 precipue
401 2569 486 2635 beati
515 2570 703 2635 confessoris
718 2569 775 2648 tui,
788 2570 882 2648 illius,
893 2571 1127 2649 intercessione,
1144 2571 1291 2648 Domine,

168 2691 196 2723 ve
211 2676 261 2724 bid’
367 2674 403 2722 fro
477 2673 532 2722 selo?
606 2672 790 2737 pibermoednise
858 2673 984 2738 giscildbr
1076 2673 1127 2724 ὕπο
1215 2683 1240 2724 to

136 2759 317 2823 quesumus,
365 2738 406 2829 ab
464 2735 550 2800 omni
601 2737 790 2803 adversitate
844 2746 1001 2822 protegas,
1058 2739 1149 2823 cujus
1198 2673 1293 2803 hodie

162 2842 259 2890 nedreht
347 2840 444 2903 symbel'
575 2837 594 2903 ((
650 2838 700 2887 mia
739 2840 849 2902 glaednise
887 2840 988 2902 gaestlio?
1069 2838 1193 2902 reperitis
1248 2842 1292 2903 lite

134 2904 276 2969 debitum
298 2901 517 2968 sollemnitatis
540 2902 624 2966 diem
640 2923 712 2966 oum
732 2900 846 2966 laetitia
870 2902 1004 2986 spiritali
1030 2924 1225 2979 veneramur,
1254 2913 1290 2966 ut

179 3005 237 3055 liora
301 3007 376 3068 symb'
424 3003 524 3052 redeat
605 3003 726 3066 giioelevs
806 3003 901 3051 fvltvme

135 3091 269 3156 quorum
295 3069 376 3132 festa
401 3067 549 3152 gerimus,
576 3066 749 3131 sentiamus
774 3065 938 3144 auxilium,
963 3089 1020 3153 per

311 3203 356 3264 god
428 3201 535 3264 gileaffvl'
583 3201 756 3251 sitlean'endl
853 3203 916 3250 saulo
1030 3203 1099 3266 gionn
1134 3205 1178 3264 pte
1211 3205 1277 3266 eadg'

179 3266 260 3351 (10.)
285 3265 385 3343 Deus,
409 3263 549 3328 fidelium
570 3274 786 3330 remunerator
807 3264 992 3343 animarum,
1015 3276 1123 3352 presta
1142 3276 1179 3331 ut
1202 3267 1288 3332 beati

198 3369 276 3417 oudet'
373 3367 426 3417 ein’
579 3366 630 3418 lires
721 3367 833 3433 orpyrbe'
946 3371 1067 3418 vemersia
1164 3373 1240 3433 symb’

134 3431 322 3496 confessoris
370 3431 427 3508 tui,
450 3429 545 3508 illius,
567 3432 659 3515 cujus
684 3432 893 3497 venerandam
916 3432 1112 3498 celebramus
1138 3433 1290 3498 festivita-

241 3535 279 3583 his
334 3536 431 3584 beadvm
528 3535 648 3598 f'egefnise
776 3537 879 3598 vefylga

134 3607 207 3675 tem,
225 3599 294 3683 ejus
308 3598 455 3683 precibus
469 3597 697 3682 indulgentiam
714 3619 952 3684 consequamur,
969 3620 1027 3683 per
1042 3598 1084 3661 D'

360 3729 485 3778 miltheert’
593 3727 637 3776 bin
725 3728 796 3775 driht’
892 3745 920 3775 vs
1028 3730 1116 3778 vebid'
1211 3731 1289 3794 gibin-

178 3796 259 3881 (11.)
285 3791 537 3859 Misericordiam
563 3799 659 3866 tuam,
687 3790 835 3867 Domine,
858 3791 959 3869 nobis,
983 3813 1165 3877 quesumus,
1190 3793 1287 3858 inter·

131 3899 205 3962 gande
309 3898 381 3960 eadgi
446 3895 536 3943 ondet'e
601 3891 658 3940 ains
814 3892 906 3941 rvmlioe
1003 3894 1058 3956 ages
1065 3893 1077 3940 1
1152 3911 1168 3960 7
1228 3915 1255 3946 vs

131 3961 278 4027 veniente
295 3962 389 4025 beato
409 3957 587 4022 confessore
605 3965 670 4031 tuo,
690 3954 755 4031 illo,
779 3956 951 4021 clementer
971 3955 1118 4042 inpende,
1141 3969 1175 4024 et
1196 3961 1288 4026 nobis

175 4064 314 4126 synnivllvm
390 4061 442 4110 bees
507 4059 613 4123 gimildsa
693 4058 789 4106 fvlt'v'm?

133 4125 353 4211 peccatoribus
367 4124 467 4211 ipsius
482 4121 653 4210 propitiare
668 4121 834 4207 suffragiis,
851 4143 908 4207 per

357 4261 411 4308 ulm'
588 4275 627 4308 eos
773 4259 818 4322 god
867 4257 931 4308 baem
986 4260 1031 4309 ulle
1142 4262 1238 4325 gibero&

178 4323 259 4406 (la.)
284 4322 503 4407 Omnipotens,
534 4322 725 4408 sempiterne
751 4322 852 4398 Deus,
876 4320 928 4386 oui
958 4332 1072 4389 cuncta
1095 4324 1287 4393 famulantur

1132 4448 1154 4488 N
