<?xml version="1.0" encoding="UTF-8"?>
<!DOCTYPE html PUBLIC "-//W3C//DTD XHTML 1.0 Transitional//EN"
    "http://www.w3.org/TR/xhtml1/DTD/xhtml1-transitional.dtd">
<html xmlns="http://www.w3.org/1999/xhtml" xml:lang="en" lang="en">
 <head>
  <title>
</title>
<meta http-equiv="Content-Type" content="text/html;charset=utf-8" />
  <meta name='ocr-system' content='tesseract 3.04.00' />
  <meta name='ocr-capabilities' content='ocr_page ocr_carea ocr_par ocr_line ocrx_word'/>
</head>
<body>
  <div class='ocr_page' id='page_1' title='image "./ritualeecclesid01churgoog_0109.png"; bbox 0 0 2984 4920; ppageno 0'>
   <div class='ocr_carea' id='block_1_1' title="bbox 195 397 964 459">
    <p class='ocr_par' dir='ltr' id='par_1_1' title="bbox 195 397 964 459">
     <span class='ocr_line' id='line_1_1' title="bbox 195 397 964 459; baseline 0 -3"><span class='ocrx_word' id='word_1_1' title='bbox 195 397 240 456; x_wconf 68' lang='lat'>92</span> <span class='ocrx_word' id='word_1_2' title='bbox 574 415 807 459; x_wconf 73' lang='lat' dir='ltr'>suono-ssxou</span> <span class='ocrx_word' id='word_1_3' title='bbox 832 415 964 457; x_wconf 74' lang='lat' dir='ltr'>mrum.</span> 
     </span>
    </p>
   </div>
   <div class='ocr_carea' id='block_1_2' title="bbox 142 549 1347 868">
    <p class='ocr_par' dir='ltr' id='par_1_2' title="bbox 142 549 1347 782">
     <span class='ocr_line' id='line_1_2' title="bbox 241 549 1347 629; baseline -0.003 -31"><span class='ocrx_word' id='word_1_4' title='bbox 241 551 308 598; x_wconf 79' lang='lat' dir='ltr'>onfoe</span> <span class='ocrx_word' id='word_1_5' title='bbox 347 587 350 591; x_wconf 78' lang='lat'><em>.</em></span> <span class='ocrx_word' id='word_1_6' title='bbox 384 556 429 613; x_wconf 55' lang='lat' dir='ltr'>pte</span> <span class='ocrx_word' id='word_1_7' title='bbox 493 553 581 617; x_wconf 77' lang='lat' dir='ltr'>holigro</span> <span class='ocrx_word' id='word_1_8' title='bbox 661 570 776 617; x_wconf 81' lang='lat' dir='ltr'>esrnrnga</span> <span class='ocrx_word' id='word_1_9' title='bbox 807 552 936 629; x_wconf 65' lang='lat' dir='ltr'>diorpproo</span> <span class='ocrx_word' id='word_1_10' title='bbox 979 552 1169 599; x_wconf 85' lang='lat' dir='ltr'>mersa....nde</span> <span class='ocrx_word' id='word_1_11' title='bbox 1213 549 1347 611; x_wconf 60' lang='lat' dir='ltr'>vordvnges</span> 
     </span>
     <span class='ocr_line' id='line_1_3' title="bbox 142 612 1346 701; baseline -0.002 -24"><span class='ocrx_word' id='word_1_12' title='bbox 142 650 147 656; x_wconf 94' lang='lat'>·</span> <span class='ocrx_word' id='word_1_13' title='bbox 193 614 353 700; x_wconf 76' lang='lat' dir='ltr'>suscipiat,</span> <span class='ocrx_word' id='word_1_14' title='bbox 384 625 429 692; x_wconf 78' lang='lat' dir='ltr'>ut,</span> <span class='ocrx_word' id='word_1_15' title='bbox 451 626 631 681; x_wconf 87' lang='lat' dir='ltr'>sanctorum</span> <span class='ocrx_word' id='word_1_16' title='bbox 661 617 773 681; x_wconf 85' lang='lat' dir='ltr'>merita</span> <span class='ocrx_word' id='word_1_17' title='bbox 802 626 941 701; x_wconf 83' lang='lat' dir='ltr'>pretiosa</span> <span class='ocrx_word' id='word_1_18' title='bbox 961 615 1193 690; x_wconf 90' lang='lat' dir='ltr'>concelebrans,</span> <span class='ocrx_word' id='word_1_19' title='bbox 1216 612 1346 676; x_wconf 91' lang='lat' dir='ltr'>honoris</span> 
     </span>
     <span class='ocr_line' id='line_1_4' title="bbox 193 714 1141 782; baseline 0.003 -20"><span class='ocrx_word' id='word_1_20' title='bbox 193 714 263 763; x_wconf 64' lang='lat' dir='ltr'>dines</span> <span class='ocrx_word' id='word_1_21' title='bbox 306 725 387 765; x_wconf 85' lang='lat' dir='ltr'>vaestm</span> <span class='ocrx_word' id='word_1_22' title='bbox 438 719 580 782; x_wconf 83' lang='lat' dir='ltr'>eftgibrsnga</span> <span class='ocrx_word' id='word_1_23' title='bbox 605 720 744 769; x_wconf 71' lang='lat' dir='ltr'>srfaennissi</span> <span class='ocrx_word' id='word_1_24' title='bbox 788 719 921 782; x_wconf 78' lang='lat' dir='ltr'>symboltid&#39;</span> <span class='ocrx_word' id='word_1_25' title='bbox 1017 718 1141 780; x_wconf 85' lang='lat' dir='ltr'>biscophad</span> 
     </span>
    </p>

    <p class='ocr_par' dir='ltr' id='par_1_3' title="bbox 207 778 1273 868">
     <span class='ocr_line' id='line_1_5' title="bbox 207 778 1273 868; baseline 0.005 -28"><span class='ocrx_word' id='word_1_26' title='bbox 207 778 254 840; x_wconf 92' lang='lat' dir='ltr'>tui</span> <span class='ocrx_word' id='word_1_27' title='bbox 284 779 423 844; x_wconf 84' lang='lat' dir='ltr'>fructum</span> <span class='ocrx_word' id='word_1_28' title='bbox 450 782 567 846; x_wconf 86' lang='lat' dir='ltr'>referat</span> <span class='ocrx_word' id='word_1_29' title='bbox 647 782 701 868; x_wconf 92' lang='lat' dir='ltr'>pia</span> <span class='ocrx_word' id='word_1_30' title='bbox 757 781 958 847; x_wconf 80' lang='lat' dir='ltr'><strong>sollennitate</strong></span> <span class='ocrx_word' id='word_1_31' title='bbox 988 781 1183 866; x_wconf 87' lang='lat' dir='ltr'>pontificum,</span> <span class='ocrx_word' id='word_1_32' title='bbox 1214 804 1273 867; x_wconf 89' lang='lat' dir='ltr'>per</span> 
     </span>
    </p>
   </div>
   <div class='ocr_carea' id='block_1_3' title="bbox 445 1032 1104 1078">
    <p class='ocr_par' dir='ltr' id='par_1_4' title="bbox 445 1032 1104 1078">
     <span class='ocr_line' id='line_1_6' title="bbox 445 1032 1104 1078; baseline 0.002 -4"><span class='ocrx_word' id='word_1_33' title='bbox 445 1032 481 1074; x_wconf 84' lang='grc' dir='ltr'>ΙΝ</span> <span class='ocrx_word' id='word_1_34' title='bbox 505 1032 633 1078; x_wconf 78' lang='lat' dir='ltr'><strong>NATALE</strong></span> <span class='ocrx_word' id='word_1_35' title='bbox 656 1033 888 1078; x_wconf 85' lang='lat' dir='ltr'><strong>PLURIMORUM</strong></span> <span class='ocrx_word' id='word_1_36' title='bbox 910 1032 1104 1077; x_wconf 81' lang='lat' dir='ltr'><strong>MARTIRUM.</strong></span> 
     </span>
    </p>
   </div>
   <div class='ocr_carea' id='block_1_4' title="bbox 238 1191 1345 1347">
    <p class='ocr_par' dir='ltr' id='par_1_5' title="bbox 238 1191 1345 1347">
     <span class='ocr_line' id='line_1_7' title="bbox 303 1191 1324 1261; baseline 0.006 -21"><span class='ocrx_word' id='word_1_37' title='bbox 303 1191 412 1242; x_wconf 73' lang='lat' dir='ltr'>sotfaeato</span> <span class='ocrx_word' id='word_1_38' title='bbox 431 1195 457 1242; x_wconf 89' lang='lat' dir='ltr'>in</span> <span class='ocrx_word' id='word_1_39' title='bbox 521 1196 607 1246; x_wconf 87' lang='lat' dir='ltr'>eonisse</span> <span class='ocrx_word' id='word_1_40' title='bbox 703 1197 775 1246; x_wconf 75' lang='lat' dir='ltr'>liofat</span> <span class='ocrx_word' id='word_1_41' title='bbox 827 1213 843 1261; x_wconf 87' lang='lat'><em>7</em></span> <span class='ocrx_word' id='word_1_42' title='bbox 887 1197 938 1246; x_wconf 69' lang='lat' dir='ltr'>mio</span> <span class='ocrx_word' id='word_1_43' title='bbox 1036 1196 1108 1246; x_wconf 85' lang='lat' dir='ltr'>driht&#39;</span> <span class='ocrx_word' id='word_1_44' title='bbox 1178 1197 1199 1245; x_wconf 84' lang='lat' dir='ltr'>is</span> <span class='ocrx_word' id='word_1_45' title='bbox 1247 1199 1324 1246; x_wconf 87' lang='lat' dir='ltr'>meard</span> 
     </span>
     <span class='ocr_line' id='line_1_8' title="bbox 238 1255 1345 1347; baseline 0.008 -31"><span class='ocrx_word' id='word_1_46' title='bbox 238 1255 297 1336; x_wconf 83' lang='lat'><strong>(1.)</strong></span> <span class='ocrx_word' id='word_1_47' title='bbox 320 1256 406 1322; x_wconf 88' lang='lat' dir='ltr'>Justi</span> <span class='ocrx_word' id='word_1_48' title='bbox 420 1258 454 1321; x_wconf 92' lang='lat' dir='ltr'>in</span> <span class='ocrx_word' id='word_1_49' title='bbox 468 1268 658 1345; x_wconf 88' lang='lat' dir='ltr'>perpetuum</span> <span class='ocrx_word' id='word_1_50' title='bbox 673 1260 788 1339; x_wconf 82' lang='lat' dir='ltr'>vivent,</span> <span class='ocrx_word' id='word_1_51' title='bbox 811 1272 844 1326; x_wconf 94' lang='lat' dir='ltr'>et</span> <span class='ocrx_word' id='word_1_52' title='bbox 870 1261 955 1347; x_wconf 91' lang='lat' dir='ltr'>apud</span> <span class='ocrx_word' id='word_1_53' title='bbox 971 1260 1146 1324; x_wconf 93' lang='lat' dir='ltr'>Dominum</span> <span class='ocrx_word' id='word_1_54' title='bbox 1162 1270 1211 1325; x_wconf 91' lang='lat' dir='ltr'>est</span> <span class='ocrx_word' id='word_1_55' title='bbox 1225 1283 1345 1326; x_wconf 82' lang='lat' dir='ltr'><strong>merces</strong></span> 
     </span>
    </p>
   </div>
   <div class='ocr_carea' id='block_1_5' title="bbox 193 1355 985 1513">
    <p class='ocr_par' dir='ltr' id='par_1_6' title="bbox 193 1355 985 1513">
     <span class='ocr_line' id='line_1_9' title="bbox 210 1355 958 1425; baseline 0.013 -23"><span class='ocrx_word' id='word_1_56' title='bbox 210 1355 275 1404; x_wconf 88' lang='lat' dir='ltr'>hiora</span> <span class='ocrx_word' id='word_1_57' title='bbox 340 1374 356 1422; x_wconf 86' lang='lat'><em>7</em></span> <span class='ocrx_word' id='word_1_58' title='bbox 401 1377 520 1425; x_wconf 84' lang='lat' dir='ltr'>smeavnge</span> <span class='ocrx_word' id='word_1_59' title='bbox 591 1361 649 1411; x_wconf 62' lang='lat' dir='ltr'>dara</span> <span class='ocrx_word' id='word_1_60' title='bbox 705 1361 755 1410; x_wconf 71' lang='lat' dir='ltr'>mit</span> <span class='ocrx_word' id='word_1_61' title='bbox 820 1361 958 1412; x_wconf 71' lang='lat' dir='ltr'>lioneheste</span> 
     </span>
     <span class='ocr_line' id='line_1_10' title="bbox 193 1425 985 1513; baseline 0.011 -33"><span class='ocrx_word' id='word_1_62' title='bbox 193 1438 311 1496; x_wconf 88' lang='lat' dir='ltr'>eorum,</span> <span class='ocrx_word' id='word_1_63' title='bbox 328 1432 361 1486; x_wconf 92' lang='lat' dir='ltr'>et</span> <span class='ocrx_word' id='word_1_64' title='bbox 383 1425 532 1508; x_wconf 74' lang='lat' dir='ltr'>cogitatio</span> <span class='ocrx_word' id='word_1_65' title='bbox 565 1447 674 1489; x_wconf 90' lang='lat' dir='ltr'>eorum</span> <span class='ocrx_word' id='word_1_66' title='bbox 689 1425 775 1513; x_wconf 89' lang='lat' dir='ltr'>apud</span> <span class='ocrx_word' id='word_1_67' title='bbox 789 1425 985 1492; x_wconf 87' lang='lat' dir='ltr'>altissimum.</span> 
     </span>
    </p>
   </div>
   <div class='ocr_carea' id='block_1_6' title="bbox 193 1580 1346 2061">
    <p class='ocr_par' dir='ltr' id='par_1_7' title="bbox 193 1580 1346 2061">
     <span class='ocr_line' id='line_1_11' title="bbox 308 1580 1336 1666; baseline 0.005 -19"><span class='ocrx_word' id='word_1_68' title='bbox 308 1580 313 1592; x_wconf 46' lang='lat'>⁸</span> <span class='ocrx_word' id='word_1_69' title='bbox 355 1600 439 1648; x_wconf 68' lang='lat' dir='ltr'>onfoell</span> <span class='ocrx_word' id='word_1_70' title='bbox 508 1602 652 1664; x_wconf 85' lang='lat' dir='ltr'>hslgovaras</span> <span class='ocrx_word' id='word_1_71' title='bbox 726 1601 761 1652; x_wconf 83' lang='lat' dir='ltr'>ric</span> <span class='ocrx_word' id='word_1_72' title='bbox 867 1603 946 1651; x_wconf 86' lang='lat' dir='ltr'>vlittes</span> <span class='ocrx_word' id='word_1_73' title='bbox 1003 1617 1020 1666; x_wconf 93' lang='lat'><em>7</em></span> <span class='ocrx_word' id='word_1_74' title='bbox 1085 1604 1173 1652; x_wconf 90' lang='lat' dir='ltr'>mindl</span> <span class='ocrx_word' id='word_1_75' title='bbox 1237 1603 1336 1666; x_wconf 82' lang='lat' dir='ltr'>m&#39;gplit&#39;</span> 
     </span>
     <span class='ocr_line' id='line_1_12' title="bbox 240 1661 1346 1752; baseline 0.005 -28"><span class='ocrx_word' id='word_1_76' title='bbox 240 1661 299 1743; x_wconf 71' lang='lat' dir='ltr'>(Q.)</span> <span class='ocrx_word' id='word_1_77' title='bbox 325 1663 494 1748; x_wconf 83' lang='lat' dir='ltr'><strong>Accipient</strong></span> <span class='ocrx_word' id='word_1_78' title='bbox 538 1665 638 1729; x_wconf 86' lang='lat' dir='ltr'>sancti</span> <span class='ocrx_word' id='word_1_79' title='bbox 682 1686 816 1750; x_wconf 88' lang='lat' dir='ltr'>regnum</span> <span class='ocrx_word' id='word_1_80' title='bbox 849 1662 971 1730; x_wconf 87' lang='lat' dir='ltr'>decoris</span> <span class='ocrx_word' id='word_1_81' title='bbox 1001 1677 1035 1730; x_wconf 90' lang='lat' dir='ltr'>et</span> <span class='ocrx_word' id='word_1_82' title='bbox 1060 1664 1204 1732; x_wconf 85' lang='lat' dir='ltr'>diadema</span> <span class='ocrx_word' id='word_1_83' title='bbox 1229 1667 1346 1752; x_wconf 90' lang='lat' dir='ltr'>speciei</span> 
     </span>
     <span class='ocr_line' id='line_1_13' title="bbox 194 1763 1314 1833; baseline 0.007 -23"><span class='ocrx_word' id='word_1_84' title='bbox 194 1763 220 1810; x_wconf 90' lang='lat' dir='ltr'>of</span> <span class='ocrx_word' id='word_1_85' title='bbox 268 1764 343 1813; x_wconf 89' lang='lat' dir='ltr'>honde</span> <span class='ocrx_word' id='word_1_86' title='bbox 403 1767 473 1815; x_wconf 60' lang='grc' dir='ltr'>1111111ς</span> <span class='ocrx_word' id='word_1_87' title='bbox 579 1767 651 1815; x_wconf 76' lang='lat' dir='ltr'>l&#39;lion</span> <span class='ocrx_word' id='word_1_88' title='bbox 748 1767 828 1816; x_wconf 75' lang='lat' dir='ltr'>evilim</span> <span class='ocrx_word' id='word_1_89' title='bbox 882 1768 919 1817; x_wconf 79' lang='lat' dir='ltr'>his</span> <span class='ocrx_word' id='word_1_90' title='bbox 954 1769 1048 1832; x_wconf 84' lang='lat' dir='ltr'>giscilde</span> <span class='ocrx_word' id='word_1_91' title='bbox 1092 1770 1131 1818; x_wconf 81' lang='lat' dir='ltr'>hia</span> <span class='ocrx_word' id='word_1_92' title='bbox 1179 1785 1196 1833; x_wconf 99' lang='lat'><em>7</em></span> <span class='ocrx_word' id='word_1_93' title='bbox 1240 1786 1314 1818; x_wconf 83' lang='lat' dir='ltr'>carme</span> 
     </span>
     <span class='ocr_line' id='line_1_14' title="bbox 194 1825 1346 1916; baseline 0.007 -28"><span class='ocrx_word' id='word_1_94' title='bbox 194 1825 234 1889; x_wconf 91' lang='lat' dir='ltr'>de</span> <span class='ocrx_word' id='word_1_95' title='bbox 254 1848 350 1892; x_wconf 90' lang='lat' dir='ltr'>manu</span> <span class='ocrx_word' id='word_1_96' title='bbox 376 1830 516 1906; x_wconf 88' lang='lat' dir='ltr'><strong>Domini,</strong></span> <span class='ocrx_word' id='word_1_97' title='bbox 545 1831 693 1916; x_wconf 89' lang='lat' dir='ltr'>quoniam</span> <span class='ocrx_word' id='word_1_98' title='bbox 716 1831 846 1895; x_wconf 84' lang='lat' dir='ltr'>dextera</span> <span class='ocrx_word' id='word_1_99' title='bbox 871 1853 930 1896; x_wconf 86' lang='lat' dir='ltr'>sua</span> <span class='ocrx_word' id='word_1_100' title='bbox 959 1841 1047 1916; x_wconf 90' lang='lat' dir='ltr'>teget</span> <span class='ocrx_word' id='word_1_101' title='bbox 1079 1854 1143 1909; x_wconf 89' lang='lat' dir='ltr'>eos,</span> <span class='ocrx_word' id='word_1_102' title='bbox 1170 1845 1202 1898; x_wconf 90' lang='lat' dir='ltr'>et</span> <span class='ocrx_word' id='word_1_103' title='bbox 1217 1832 1346 1897; x_wconf 90' lang='lat' dir='ltr'>brachio</span> 
     </span>
     <span class='ocr_line' id='line_1_15' title="bbox 209 1929 608 1996; baseline 0.018 -21"><span class='ocrx_word' id='word_1_104' title='bbox 209 1929 280 1992; x_wconf 80' lang='lat' dir='ltr'>halgri</span> <span class='ocrx_word' id='word_1_105' title='bbox 329 1931 366 1980; x_wconf 87' lang='lat' dir='ltr'>his</span> <span class='ocrx_word' id='word_1_106' title='bbox 414 1934 509 1996; x_wconf 84' lang='lat' dir='ltr'>gisoilde</span> <span class='ocrx_word' id='word_1_107' title='bbox 568 1935 608 1982; x_wconf 89' lang='lat' dir='ltr'>hio</span> 
     </span>
     <span class='ocr_line' id='line_1_16' title="bbox 193 1995 631 2061; baseline 0.014 -6"><span class='ocrx_word' id='word_1_108' title='bbox 193 2003 302 2058; x_wconf 89' lang='lat' dir='ltr'>sancto</span> <span class='ocrx_word' id='word_1_109' title='bbox 318 2016 376 2059; x_wconf 88' lang='lat' dir='ltr'>suo</span> <span class='ocrx_word' id='word_1_110' title='bbox 390 1996 540 2061; x_wconf 86' lang='lat' dir='ltr'>defendet</span> <span class='ocrx_word' id='word_1_111' title='bbox 551 1995 631 2061; x_wconf 87' lang='lat' dir='ltr'>illos.</span> 
     </span>
    </p>
   </div>
   <div class='ocr_carea' id='block_1_7' title="bbox 191 2169 1345 2485">
    <p class='ocr_par' dir='ltr' id='par_1_8' title="bbox 191 2169 1345 2485">
     <span class='ocr_line' id='line_1_17' title="bbox 305 2169 1330 2236; baseline 0.001 -16"><span class='ocrx_word' id='word_1_112' title='bbox 305 2170 457 2236; x_wconf 58' lang='lat' dir='ltr'>girsacff)</span> <span class='ocrx_word' id='word_1_113' title='bbox 489 2173 558 2234; x_wconf 83' lang='lat' dir='ltr'>halga</span> <span class='ocrx_word' id='word_1_114' title='bbox 567 2176 604 2221; x_wconf 80' lang='lat' dir='ltr'>va&#39;</span> <span class='ocrx_word' id='word_1_115' title='bbox 652 2172 686 2219; x_wconf 80' lang='lat' dir='ltr'>f&#39;e</span> <span class='ocrx_word' id='word_1_116' title='bbox 730 2173 803 2233; x_wconf 86' lang='lat' dir='ltr'>byme</span> <span class='ocrx_word' id='word_1_117' title='bbox 878 2170 983 2218; x_wconf 72' lang='lat' dir='ltr'>wtfaesa’</span> <span class='ocrx_word' id='word_1_118' title='bbox 1048 2184 1064 2232; x_wconf 93' lang='grc' dir='ltr'>Ἰ</span> <span class='ocrx_word' id='word_1_119' title='bbox 1130 2169 1214 2218; x_wconf 75' lang='grc' dir='ltr'><strong>0111οοῦ</strong></span> <span class='ocrx_word' id='word_1_120' title='bbox 1296 2173 1330 2221; x_wconf 87' lang='lat' dir='ltr'>s&#39;s</span> 
     </span>
     <span class='ocr_line' id='line_1_18' title="bbox 238 2232 1345 2319; baseline 0.001 -21"><span class='ocrx_word' id='word_1_121' title='bbox 238 2235 297 2318; x_wconf 81' lang='grc'><strong>(3.)</strong></span> <span class='ocrx_word' id='word_1_122' title='bbox 341 2236 463 2299; x_wconf 88' lang='lat' dir='ltr'>nduent</span> <span class='ocrx_word' id='word_1_123' title='bbox 498 2235 600 2298; x_wconf 89' lang='lat' dir='ltr'>sancti</span> <span class='ocrx_word' id='word_1_124' title='bbox 637 2256 694 2319; x_wconf 89' lang='lat' dir='ltr'>pro</span> <span class='ocrx_word' id='word_1_125' title='bbox 718 2243 825 2298; x_wconf 83' lang='lat' dir='ltr'>torace</span> <span class='ocrx_word' id='word_1_126' title='bbox 847 2232 1014 2317; x_wconf 79' lang='lat' dir='ltr'>justitiam,</span> <span class='ocrx_word' id='word_1_127' title='bbox 1045 2243 1079 2296; x_wconf 93' lang='lat' dir='ltr'>et</span> <span class='ocrx_word' id='word_1_128' title='bbox 1101 2233 1258 2317; x_wconf 85' lang='lat' dir='ltr'>accipient</span> <span class='ocrx_word' id='word_1_129' title='bbox 1286 2257 1345 2319; x_wconf 90' lang='lat' dir='ltr'>pro</span> 
     </span>
     <span class='ocr_line' id='line_1_19' title="bbox 203 2333 1345 2401; baseline 0 -17"><span class='ocrx_word' id='word_1_130' title='bbox 203 2337 278 2385; x_wconf 87' lang='lat' dir='ltr'>helmc</span> <span class='ocrx_word' id='word_1_131' title='bbox 358 2339 411 2386; x_wconf 89' lang='lat' dir='ltr'>dom</span> <span class='ocrx_word' id='word_1_132' title='bbox 484 2338 585 2401; x_wconf 79' lang='lat' dir='ltr'>prtedne</span> <span class='ocrx_word' id='word_1_133' title='bbox 632 2335 765 2384; x_wconf 79' lang='lat' dir='ltr'>hiaonfoei5</span> <span class='ocrx_word' id='word_1_134' title='bbox 815 2337 875 2384; x_wconf 82' lang='lat' dir='ltr'>soeld</span> <span class='ocrx_word' id='word_1_135' title='bbox 972 2333 1148 2383; x_wconf 77' lang='lat' dir='ltr'>vnaiaehtendlic</span> <span class='ocrx_word' id='word_1_136' title='bbox 1267 2336 1345 2384; x_wconf 88' lang='lat' dir='ltr'>efenn-</span> 
     </span>
     <span class='ocr_line' id='line_1_20' title="bbox 191 2396 1344 2485; baseline 0 -21"><span class='ocrx_word' id='word_1_137' title='bbox 191 2399 282 2482; x_wconf 88' lang='lat' dir='ltr'>galea</span> <span class='ocrx_word' id='word_1_138' title='bbox 299 2400 455 2485; x_wconf 88' lang='lat' dir='ltr'>judicium</span> <span class='ocrx_word' id='word_1_139' title='bbox 474 2410 604 2476; x_wconf 91' lang='lat' dir='ltr'>certum,</span> <span class='ocrx_word' id='word_1_140' title='bbox 635 2409 762 2464; x_wconf 84' lang='lat' dir='ltr'>sument</span> <span class='ocrx_word' id='word_1_141' title='bbox 787 2408 912 2463; x_wconf 91' lang='lat' dir='ltr'>scutum</span> <span class='ocrx_word' id='word_1_142' title='bbox 936 2396 1182 2482; x_wconf 83' lang='lat' dir='ltr'>inexpugnabile</span> <span class='ocrx_word' id='word_1_143' title='bbox 1202 2400 1344 2484; x_wconf 87' lang='lat' dir='ltr'>aequita-</span> 
     </span>
    </p>
   </div>
   <div class='ocr_carea' id='block_1_8' title="bbox 192 2500 1344 2795">
    <p class='ocr_par' dir='ltr' id='par_1_9' title="bbox 192 2500 1344 2795">
     <span class='ocr_line' id='line_1_21' title="bbox 192 2500 1323 2566; baseline 0.003 -17"><span class='ocrx_word' id='word_1_144' title='bbox 192 2502 235 2550; x_wconf 90' lang='lat' dir='ltr'>lice</span> <span class='ocrx_word' id='word_1_145' title='bbox 315 2502 382 2566; x_wconf 70' lang='lat' dir='ltr'>geaet</span> <span class='ocrx_word' id='word_1_146' title='bbox 448 2503 533 2566; x_wconf 83' lang='lat' dir='ltr'>girihto</span> <span class='ocrx_word' id='word_1_147' title='bbox 629 2503 707 2565; x_wconf 80' lang='lat' dir='ltr'>gihato</span> <span class='ocrx_word' id='word_1_148' title='bbox 831 2508 905 2564; x_wconf 88' lang='lat' dir='ltr'>7to</span> <span class='ocrx_word' id='word_1_149' title='bbox 970 2500 1056 2564; x_wconf 69' lang='lat' dir='ltr'>pvtedi</span> <span class='ocrx_word' id='word_1_150' title='bbox 1112 2509 1176 2548; x_wconf 80' lang='lat' dir='ltr'>storo</span> <span class='ocrx_word' id='word_1_151' title='bbox 1240 2503 1323 2564; x_wconf 82' lang='lat' dir='ltr'>gilaede</span> 
     </span>
     <span class='ocr_line' id='line_1_22' title="bbox 192 2563 1344 2650; baseline 0.003 -22"><span class='ocrx_word' id='word_1_152' title='bbox 192 2576 266 2641; x_wconf 86' lang='lat' dir='ltr'>tem,</span> <span class='ocrx_word' id='word_1_153' title='bbox 300 2565 393 2630; x_wconf 92' lang='lat' dir='ltr'>ibunt</span> <span class='ocrx_word' id='word_1_154' title='bbox 421 2566 540 2629; x_wconf 85' lang='lat' dir='ltr'>directe</span> <span class='ocrx_word' id='word_1_155' title='bbox 559 2563 791 2650; x_wconf 84' lang='lat' dir='ltr'>promissiones,</span> <span class='ocrx_word' id='word_1_156' title='bbox 819 2563 917 2629; x_wconf 86' lang='lat' dir='ltr'>etad</span> <span class='ocrx_word' id='word_1_157' title='bbox 943 2575 1064 2628; x_wconf 87' lang='lat' dir='ltr'>certum</span> <span class='ocrx_word' id='word_1_158' title='bbox 1088 2563 1191 2629; x_wconf 86' lang='lat' dir='ltr'>locum</span> <span class='ocrx_word' id='word_1_159' title='bbox 1207 2564 1344 2632; x_wconf 86' lang='lat' dir='ltr'>deducet</span> 
     </span>
     <span class='ocr_line' id='line_1_23' title="bbox 209 2667 656 2730; baseline 0 -14"><span class='ocrx_word' id='word_1_160' title='bbox 209 2667 248 2715; x_wconf 80' lang='lat' dir='ltr'>hia</span> <span class='ocrx_word' id='word_1_161' title='bbox 328 2668 400 2716; x_wconf 85' lang='lat' dir='ltr'>driht&#39;</span> <span class='ocrx_word' id='word_1_162' title='bbox 475 2668 520 2730; x_wconf 88' lang='lat' dir='ltr'>god</span> <span class='ocrx_word' id='word_1_163' title='bbox 568 2670 656 2716; x_wconf 85' lang='lat' dir='ltr'>vs&#39;ems</span> 
     </span>
     <span class='ocr_line' id='line_1_24' title="bbox 192 2729 674 2795; baseline 0.002 -3"><span class='ocrx_word' id='word_1_164' title='bbox 192 2729 265 2794; x_wconf 87' lang='lat' dir='ltr'>illos</span> <span class='ocrx_word' id='word_1_165' title='bbox 280 2729 438 2795; x_wconf 89' lang='lat' dir='ltr'>Dominus</span> <span class='ocrx_word' id='word_1_166' title='bbox 453 2731 545 2795; x_wconf 87' lang='lat' dir='ltr'>Deus</span> <span class='ocrx_word' id='word_1_167' title='bbox 559 2741 674 2795; x_wconf 89' lang='lat' dir='ltr'>noster.</span> 
     </span>
    </p>
   </div>
   <div class='ocr_carea' id='block_1_9' title="bbox 253 2892 1342 3039">
    <p class='ocr_par' dir='ltr' id='par_1_10' title="bbox 253 2892 1342 3039">
     <span class='ocr_line' id='line_1_25' title="bbox 354 2892 1311 2958; baseline 0 -16"><span class='ocrx_word' id='word_1_168' title='bbox 354 2895 443 2958; x_wconf 83' lang='lat' dir='ltr'>gilde</span> <span class='ocrx_word' id='word_1_169' title='bbox 532 2895 578 2958; x_wconf 90' lang='lat' dir='ltr'>god</span> <span class='ocrx_word' id='word_1_170' title='bbox 664 2894 755 2943; x_wconf 76' lang='lat' dir='ltr'>mear-de</span> <span class='ocrx_word' id='word_1_171' title='bbox 859 2908 939 2941; x_wconf 84' lang='lat' dir='ltr'>voeroa</span> <span class='ocrx_word' id='word_1_172' title='bbox 1034 2892 1122 2956; x_wconf 82' lang='lat' dir='ltr'>hsligm</span> <span class='ocrx_word' id='word_1_173' title='bbox 1246 2893 1311 2942; x_wconf 87' lang='lat' dir='ltr'>hiora</span> 
     </span>
     <span class='ocr_line' id='line_1_26' title="bbox 253 2911 1342 3039; baseline 0 -19"><span class='ocrx_word' id='word_1_174' title='bbox 253 2957 298 3039; x_wconf 91' lang='lat'>4.)</span> <span class='ocrx_word' id='word_1_175' title='bbox 324 2911 477 3023; x_wconf 66' lang='lat' dir='ltr'>Reddidit</span> <span class='ocrx_word' id='word_1_176' title='bbox 505 2957 596 3022; x_wconf 92' lang='lat' dir='ltr'>Deus</span> <span class='ocrx_word' id='word_1_177' title='bbox 621 2957 799 3022; x_wconf 91' lang='lat' dir='ltr'>mercedem</span> <span class='ocrx_word' id='word_1_178' title='bbox 824 2955 968 3020; x_wconf 89' lang='lat' dir='ltr'>laborum</span> <span class='ocrx_word' id='word_1_179' title='bbox 994 2967 1174 3021; x_wconf 89' lang='lat' dir='ltr'>sanctorum</span> <span class='ocrx_word' id='word_1_180' title='bbox 1204 2978 1342 3034; x_wconf 87' lang='lat' dir='ltr'>suorum,</span> 
     </span>
    </p>
   </div>
   <div class='ocr_carea' id='block_1_10' title="bbox 191 3072 1342 3201">
    <p class='ocr_par' dir='ltr' id='par_1_11' title="bbox 191 3072 1342 3201">
     <span class='ocr_line' id='line_1_27' title="bbox 191 3072 1342 3201; baseline -0.001 -14"><span class='ocrx_word' id='word_1_181' title='bbox 191 3072 225 3187; x_wconf 70' lang='lat' dir='ltr'>ei</span> <span class='ocrx_word' id='word_1_182' title='bbox 239 3124 372 3189; x_wconf 66' lang='lat' dir='ltr'>aedua</span> <span class='ocrx_word' id='word_1_183' title='bbox 385 3125 456 3190; x_wconf 71' lang='lat' dir='ltr'>mos</span> <span class='ocrx_word' id='word_1_184' title='bbox 471 3125 504 3188; x_wconf 77' lang='lat' dir='ltr'>in</span> <span class='ocrx_word' id='word_1_185' title='bbox 527 3125 577 3189; x_wconf 71' lang='lat' dir='ltr'>aa</span> <span class='ocrx_word' id='word_1_186' title='bbox 597 3124 742 3201; x_wconf 64' lang='lat' dir='ltr'>misaam,</span> <span class='ocrx_word' id='word_1_187' title='bbox 770 3133 804 3188; x_wconf 72' lang='lat' dir='ltr'>et</span> <span class='ocrx_word' id='word_1_188' title='bbox 829 3122 891 3186; x_wconf 79' lang='lat' dir='ltr'>fuit</span> <span class='ocrx_word' id='word_1_189' title='bbox 912 3122 975 3186; x_wconf 73' lang='lat' dir='ltr'>iuis</span> <span class='ocrx_word' id='word_1_190' title='bbox 1005 3121 1039 3186; x_wconf 79' lang='lat' dir='ltr'>in</span> <span class='ocrx_word' id='word_1_191' title='bbox 1065 3075 1243 3188; x_wconf 71' lang='lat' dir='ltr'>veiamento</span> <span class='ocrx_word' id='word_1_192' title='bbox 1269 3123 1342 3201; x_wconf 74' lang='lat' dir='ltr'>uei,</span> 
     </span>
    </p>
   </div>
   <div class='ocr_carea' id='block_1_11' title="bbox 194 3226 707 3356">
    <p class='ocr_par' dir='ltr' id='par_1_12' title="bbox 194 3226 707 3356">
     <span class='ocr_line' id='line_1_28' title="bbox 204 3226 681 3288; baseline -0.006 -13"><span class='ocrx_word' id='word_1_193' title='bbox 204 3241 272 3288; x_wconf 85' lang='lat' dir='ltr'>7on</span> <span class='ocrx_word' id='word_1_194' title='bbox 303 3227 352 3275; x_wconf 87' lang='lat' dir='ltr'>leht</span> <span class='ocrx_word' id='word_1_195' title='bbox 417 3230 510 3275; x_wconf 82' lang='lat' dir='ltr'>stenrra&#39;</span> <span class='ocrx_word' id='word_1_196' title='bbox 555 3242 585 3274; x_wconf 91' lang='lat' dir='ltr'>on</span> <span class='ocrx_word' id='word_1_197' title='bbox 616 3226 681 3273; x_wconf 80' lang='lat' dir='ltr'>naeht</span> 
     </span>
     <span class='ocr_line' id='line_1_29' title="bbox 194 3289 707 3356; baseline -0.006 -2"><span class='ocrx_word' id='word_1_198' title='bbox 194 3300 227 3354; x_wconf 91' lang='lat' dir='ltr'>et</span> <span class='ocrx_word' id='word_1_199' title='bbox 240 3290 273 3353; x_wconf 91' lang='lat' dir='ltr'>in</span> <span class='ocrx_word' id='word_1_200' title='bbox 288 3289 360 3354; x_wconf 87' lang='lat' dir='ltr'>luce</span> <span class='ocrx_word' id='word_1_201' title='bbox 376 3290 540 3356; x_wconf 86' lang='lat' dir='ltr'>stellarum</span> <span class='ocrx_word' id='word_1_202' title='bbox 554 3289 587 3351; x_wconf 92' lang='lat' dir='ltr'>in</span> <span class='ocrx_word' id='word_1_203' title='bbox 602 3298 707 3352; x_wconf 85' lang='lat' dir='ltr'>noete.</span> 
     </span>
    </p>
   </div>
   <div class='ocr_carea' id='block_1_12' title="bbox 253 3059 1333 3125">
    <p class='ocr_par' dir='ltr' id='par_1_13' title="bbox 253 3059 1333 3125">
     <span class='ocr_line' id='line_1_30' title="bbox 253 3059 1333 3125; baseline -0.003 -15"><span class='ocrx_word' id='word_1_204' title='bbox 253 3061 350 3123; x_wconf 83' lang='lat' dir='ltr'>gilaeded</span> <span class='ocrx_word' id='word_1_205' title='bbox 398 3062 438 3110; x_wconf 85' lang='lat' dir='ltr'>hia</span> <span class='ocrx_word' id='word_1_206' title='bbox 477 3062 503 3110; x_wconf 93' lang='lat' dir='ltr'>in</span> <span class='ocrx_word' id='word_1_207' title='bbox 522 3077 579 3124; x_wconf 86' lang='lat' dir='ltr'>voeg</span> <span class='ocrx_word' id='word_1_208' title='bbox 601 3061 735 3125; x_wconf 65' lang='lat' dir='ltr'>pvndrrlici</span> <span class='ocrx_word' id='word_1_209' title='bbox 778 3074 796 3124; x_wconf 94' lang='grc' dir='ltr'>Ἰ</span> <span class='ocrx_word' id='word_1_210' title='bbox 836 3075 884 3108; x_wconf 85' lang='lat' dir='ltr'>vaes</span> <span class='ocrx_word' id='word_1_211' title='bbox 916 3059 965 3107; x_wconf 90' lang='lat' dir='ltr'>him</span> <span class='ocrx_word' id='word_1_212' title='bbox 1121 3059 1210 3122; x_wconf 85' lang='lat' dir='ltr'>rigilsl</span> <span class='ocrx_word' id='word_1_213' title='bbox 1276 3059 1333 3124; x_wconf 65' lang='lat' dir='ltr'>figes</span> 
     </span>
    </p>
   </div>
   <div class='ocr_carea' id='block_1_13' title="bbox 191 3445 1341 3764">
    <p class='ocr_par' dir='ltr' id='par_1_14' title="bbox 191 3445 1341 3764">
     <span class='ocr_line' id='line_1_31' title="bbox 322 3445 1295 3526; baseline 0.004 -31"><span class='ocrx_word' id='word_1_214' title='bbox 322 3447 388 3495; x_wconf 64' lang='lat' dir='ltr'>sede</span> <span class='ocrx_word' id='word_1_215' title='bbox 437 3449 488 3510; x_wconf 80' lang='lat' dir='ltr'>pvt&#39;</span> <span class='ocrx_word' id='word_1_216' title='bbox 558 3445 661 3509; x_wconf 72' lang='lat' dir='ltr'>gismeaii</span> <span class='ocrx_word' id='word_1_217' title='bbox 716 3447 796 3494; x_wconf 84' lang='lat' dir='ltr'>hearta</span> <span class='ocrx_word' id='word_1_218' title='bbox 839 3455 879 3495; x_wconf 85' lang='lat' dir='ltr'>vat</span> <span class='ocrx_word' id='word_1_219' title='bbox 921 3447 990 3497; x_wconf 79' lang='lat' dir='ltr'>hvaed</span> <span class='ocrx_word' id='word_1_220' title='bbox 1066 3449 1156 3498; x_wconf 73' lang='lat' dir='ltr'>vilniaii</span> <span class='ocrx_word' id='word_1_221' title='bbox 1242 3460 1295 3526; x_wconf 79' lang='lat' dir='ltr'>gast</span> 
     </span>
     <span class='ocr_line' id='line_1_32' title="bbox 240 3509 1341 3598; baseline 0.003 -24"><span class='ocrx_word' id='word_1_222' title='bbox 240 3511 298 3595; x_wconf 82' lang='lat'><strong>(5.)</strong></span> <span class='ocrx_word' id='word_1_223' title='bbox 323 3510 389 3585; x_wconf 84' lang='lat' dir='ltr'>Qui</span> <span class='ocrx_word' id='word_1_224' title='bbox 404 3519 511 3574; x_wconf 87' lang='lat' dir='ltr'>autem</span> <span class='ocrx_word' id='word_1_225' title='bbox 530 3519 688 3574; x_wconf 88' lang='lat' dir='ltr'>scrutatur</span> <span class='ocrx_word' id='word_1_226' title='bbox 713 3509 808 3574; x_wconf 89' lang='lat' dir='ltr'>corda</span> <span class='ocrx_word' id='word_1_227' title='bbox 832 3509 893 3574; x_wconf 87' lang='lat' dir='ltr'>soit</span> <span class='ocrx_word' id='word_1_228' title='bbox 922 3510 999 3596; x_wconf 91' lang='lat' dir='ltr'>quid</span> <span class='ocrx_word' id='word_1_229' title='bbox 1030 3511 1187 3577; x_wconf 88' lang='lat' dir='ltr'>desiderat</span> <span class='ocrx_word' id='word_1_230' title='bbox 1202 3513 1341 3598; x_wconf 79' lang='lat' dir='ltr'>spiritus,</span> 
     </span>
     <span class='ocr_line' id='line_1_33' title="bbox 191 3612 711 3676; baseline -0.004 -14"><span class='ocrx_word' id='word_1_231' title='bbox 191 3614 261 3663; x_wconf 74' lang='lat' dir='ltr'>f&#39;lion</span> <span class='ocrx_word' id='word_1_232' title='bbox 352 3614 401 3663; x_wconf 83' lang='lat' dir='ltr'>aeft&#39;</span> <span class='ocrx_word' id='word_1_233' title='bbox 514 3614 559 3676; x_wconf 88' lang='lat' dir='ltr'>god</span> <span class='ocrx_word' id='word_1_234' title='bbox 632 3612 711 3676; x_wconf 57' lang='lat' dir='ltr'>girino</span> 
     </span>
     <span class='ocr_line' id='line_1_34' title="bbox 193 3676 954 3764; baseline -0.001 -22"><span class='ocrx_word' id='word_1_235' title='bbox 193 3677 267 3764; x_wconf 89' lang='lat' dir='ltr'>quia</span> <span class='ocrx_word' id='word_1_236' title='bbox 289 3677 462 3742; x_wconf 85' lang='lat' dir='ltr'>secundum</span> <span class='ocrx_word' id='word_1_237' title='bbox 477 3676 584 3742; x_wconf 93' lang='lat' dir='ltr'>Deum</span> <span class='ocrx_word' id='word_1_238' title='bbox 599 3676 739 3761; x_wconf 89' lang='lat' dir='ltr'>postulat</span> <span class='ocrx_word' id='word_1_239' title='bbox 754 3699 812 3763; x_wconf 90' lang='lat' dir='ltr'>pro</span> <span class='ocrx_word' id='word_1_240' title='bbox 827 3677 954 3742; x_wconf 85' lang='lat' dir='ltr'>sanctis.</span> 
     </span>
    </p>
   </div>
   <div class='ocr_carea' id='block_1_14' title="bbox 238 3849 1343 4000">
    <p class='ocr_par' dir='ltr' id='par_1_15' title="bbox 238 3849 1343 4000">
     <span class='ocr_line' id='line_1_35' title="bbox 370 3849 1343 3926; baseline 0.001 -27"><span class='ocrx_word' id='word_1_241' title='bbox 370 3849 429 3900; x_wconf 67' lang='lat' dir='ltr'>broli</span> <span class='ocrx_word' id='word_1_242' title='bbox 482 3858 595 3926; x_wconf 74' lang='lat' dir='ltr'>veyrton</span> <span class='ocrx_word' id='word_1_243' title='bbox 655 3852 700 3910; x_wconf 63' lang='lat' dir='ltr'>Jpte</span> <span class='ocrx_word' id='word_1_244' title='bbox 756 3849 946 3926; x_wconf 53' lang='lat' dir='ltr'>{remlvlendrm</span> <span class='ocrx_word' id='word_1_245' title='bbox 1005 3851 1063 3913; x_wconf 86' lang='lat' dir='ltr'>gode</span> <span class='ocrx_word' id='word_1_246' title='bbox 1143 3851 1187 3899; x_wconf 85' lang='lat' dir='ltr'>olle</span> <span class='ocrx_word' id='word_1_247' title='bbox 1292 3852 1343 3900; x_wconf 82' lang='lat' dir='ltr'>esne</span> 
     </span>
     <span class='ocr_line' id='line_1_36' title="bbox 238 3912 1342 4000; baseline -0.001 -20"><span class='ocrx_word' id='word_1_248' title='bbox 238 3916 296 3999; x_wconf 86' lang='grc'><strong>(6.)</strong></span> <span class='ocrx_word' id='word_1_249' title='bbox 323 3914 459 3990; x_wconf 88' lang='lat' dir='ltr'>Fratres,</span> <span class='ocrx_word' id='word_1_250' title='bbox 485 3935 720 3998; x_wconf 88' lang='lat' dir='ltr'>sc1musquam</span> <span class='ocrx_word' id='word_1_251' title='bbox 746 3913 951 3998; x_wconf 82' lang='lat' dir='ltr'>diligentibus</span> <span class='ocrx_word' id='word_1_252' title='bbox 975 3912 1082 3977; x_wconf 93' lang='lat' dir='ltr'>Deum</span> <span class='ocrx_word' id='word_1_253' title='bbox 1107 3914 1213 3979; x_wconf 93' lang='lat' dir='ltr'>omnia</span> <span class='ocrx_word' id='word_1_254' title='bbox 1228 3935 1342 4000; x_wconf 91' lang='lat' dir='ltr'>coope-</span> 
     </span>
    </p>
   </div>
   <div class='ocr_carea' id='block_1_15' title="bbox 189 4014 1343 4164">
    <p class='ocr_par' dir='ltr' id='par_1_16' title="bbox 189 4014 1343 4164">
     <span class='ocr_line' id='line_1_37' title="bbox 189 4014 1335 4082; baseline -0.001 -15"><span class='ocrx_word' id='word_1_255' title='bbox 189 4017 303 4081; x_wconf 76' lang='lat' dir='ltr'>gipyroat</span> <span class='ocrx_word' id='word_1_256' title='bbox 330 4033 360 4066; x_wconf 90' lang='lat' dir='ltr'>on</span> <span class='ocrx_word' id='word_1_257' title='bbox 420 4017 465 4079; x_wconf 84' lang='lat' dir='ltr'>god</span> <span class='ocrx_word' id='word_1_258' title='bbox 520 4015 583 4064; x_wconf 65' lang='grc' dir='ltr'>ὕεια</span> <span class='ocrx_word' id='word_1_259' title='bbox 606 4014 639 4064; x_wconf 73' lang='grc'>111</span> <span class='ocrx_word' id='word_1_260' title='bbox 650 4014 682 4064; x_wconf 67' lang='lat' dir='ltr'>oe</span> <span class='ocrx_word' id='word_1_261' title='bbox 764 4017 813 4066; x_wconf 83' lang='lat' dir='ltr'>aeft&#39;</span> <span class='ocrx_word' id='word_1_262' title='bbox 941 4016 1072 4079; x_wconf 80' lang='lat' dir='ltr'>giraedenne</span> <span class='ocrx_word' id='word_1_263' title='bbox 1136 4017 1239 4082; x_wconf 86' lang='lat' dir='ltr'>giceigdo</span> <span class='ocrx_word' id='word_1_264' title='bbox 1278 4033 1335 4066; x_wconf 85' lang='lat' dir='ltr'>aron</span> 
     </span>
     <span class='ocr_line' id='line_1_38' title="bbox 191 4077 1343 4164; baseline 0.002 -19"><span class='ocrx_word' id='word_1_265' title='bbox 191 4097 301 4145; x_wconf 87' lang='lat' dir='ltr'>rantur</span> <span class='ocrx_word' id='word_1_266' title='bbox 325 4081 359 4144; x_wconf 91' lang='lat' dir='ltr'>in</span> <span class='ocrx_word' id='word_1_267' title='bbox 377 4081 505 4156; x_wconf 86' lang='lat' dir='ltr'>bonum,</span> <span class='ocrx_word' id='word_1_268' title='bbox 528 4079 578 4144; x_wconf 89' lang='lat' dir='ltr'>his</span> <span class='ocrx_word' id='word_1_269' title='bbox 615 4078 670 4164; x_wconf 93' lang='lat' dir='ltr'>qui</span> <span class='ocrx_word' id='word_1_270' title='bbox 706 4079 879 4146; x_wconf 90' lang='lat' dir='ltr'>secundum</span> <span class='ocrx_word' id='word_1_271' title='bbox 909 4077 1105 4164; x_wconf 88' lang='lat' dir='ltr'>propositum</span> <span class='ocrx_word' id='word_1_272' title='bbox 1136 4081 1237 4146; x_wconf 83' lang='lat' dir='ltr'>vocati</span> <span class='ocrx_word' id='word_1_273' title='bbox 1267 4092 1343 4148; x_wconf 82' lang='lat' dir='ltr'>sunt</span> 
     </span>
    </p>
   </div>
   <div class='ocr_carea' id='block_1_16' title="bbox 104 4183 295 4258">
    <p class='ocr_par' dir='ltr' id='par_1_17' title="bbox 104 4183 295 4258">
     <span class='ocr_line' id='line_1_39' title="bbox 104 4183 295 4258; baseline 0.005 -29"><span class='ocrx_word' id='word_1_274' title='bbox 104 4224 108 4229; x_wconf 92' lang='lat'><em>.</em></span> <span class='ocrx_word' id='word_1_275' title='bbox 192 4183 295 4258; x_wconf 64' lang='lat' dir='ltr'>halgsvaj</span> 
     </span>
    </p>
   </div>
   <div class='ocr_carea' id='block_1_17' title="bbox 191 4255 300 4310">
    <p class='ocr_par' dir='ltr' id='par_1_18' title="bbox 191 4255 300 4310">
     <span class='ocr_line' id='line_1_40' title="bbox 191 4255 300 4310; baseline -0.009 0"><span class='ocrx_word' id='word_1_276' title='bbox 191 4255 300 4310; x_wconf 84' lang='lat' dir='ltr'>sanotr.</span> 
     </span>
    </p>
   </div>
   <div class='ocr_carea' id='block_1_18' title="bbox 0 0 1527 4920">
    <p class='ocr_par' dir='ltr' id='par_1_19' title="bbox 0 0 1527 4920">
     <span class='ocr_line' id='line_1_41' title="bbox 0 0 1527 4920; baseline 0 0"><span class='ocrx_word' id='word_1_277' title='bbox 0 0 1527 4920; x_wconf 95' lang='lat' dir='ltr'> </span> 
     </span>
    </p>
   </div>
  </div>
 </body>
</html>
