2984 4920
199 405 258 465 198
584 421 817 465 Annio-ennon
838 420 970 464 menne.

330 556 441 622 engel(.)
479 561 498 619 'p
542 558 563 606 ie
654 559 708 606 crist
800 557 870 606 f'sson
896 559 999 622 gelaedde
1035 558 1172 608 ssonefiond
1228 559 1254 607 of
1285 558 1350 607 &issi

243 623 288 687 H.
334 667 438 685 .....
470 621 503 685 id
527 630 576 686 θεῖ
606 620 763 699 Christus,
795 622 871 706 quia
906 621 981 686 tulit
1014 621 1177 688 inimicum
1214 644 1255 687 ex
1289 621 1350 686 hoc

199 726 316 788 middeng'

199 789 326 852 mundo.

242 963 269 1027 I.
314 961 428 1037 Imber,
445 960 478 1024 id
493 969 551 1036 θεῖ,
566 910 758 1024 babtisinum
773 959 903 1024 Domini
918 960 960 1044 (Ρ)
985 898 1050 1026 siie
1065 960 1244 1048 scriptura.
1260 1008 1268 1024 .
1285 1007 1294 1025 .
1311 1012 1318 1026 .

245 1159 277 1223 K
280 1203 1350 1224 .....................

371 1309 420 1358 leht
501 1310 521 1370 15
565 1309 586 1356 ἰε
650 1307 693 1356 εοῦ
767 1307 817 1355 leht

243 1371 281 1435 L.
327 1371 462 1449 Lumen,
487 1371 521 1435 id
543 1380 592 1436 θεῖ
607 1392 716 1435 verum
731 1369 838 1434 lumen
853 1415 960 1435 .....

376 1526 438 1574 micil
510 1528 530 1602 p
571 1500 603 1572 ie¹
645 1524 714 1573 eneht
779 1524 872 1572 sehenh

245 1586 292 1650 M.
339 1587 489 1673 Magnus,
511 1588 544 1650 1d
566 1597 616 1651 est
637 1609 717 1672 puer
750 1586 905 1652 excelsus,

325 1737 509 1799 ....lenend³p
551 1739 571 1786 is
652 1737 706 1786 crist
772 1753 867 1785 εθ....

245 1800 285 1864 N.
331 1801 459 1877 Neman,
482 1801 516 1865 id
537 1810 586 1865 est
609 1800 756 1866 Christus
770 1800 874 1864 Jesun

341 1948 485 2025 doegeereni
534 1951 561 2024 js
611 1949 632 1996 n
711 1956 764 2025 gan
829 1949 932 2012 sehnga

246 2013 286 2078 Ο.
333 2011 452 2097 Opifex
466 1965 508 2093 (i)
533 2011 565 2073 1d
588 2018 646 2087 θεῖ,
664 2011 802 2096 Splritus
819 2011 963 2077 Sanctae.

370 2163 447 2226 gebaer
508 2165 528 2222 ᾗ
572 2163 592 2209 ίε
669 2163 724 2211 erist
822 2165 894 2213 hrode
957 2163 995 2212 hie
1062 2164 1139 2226 geber

247 2226 283 2290 P.
331 2224 482 2302 Portant,
499 2224 531 2289 id
550 2233 608 2302 θεῖ,
625 2225 772 2290 Christus
788 2249 914 2293 crucem
929 2248 1017 2291 suam
1033 2226 1179 2311 portavit.

379 2381 457 2423 cvoect
532 2389 615 2421 voeren
672 2377 691 2435 'p
758 2376 778 2423 ἰε
865 2377 919 2425 iude
995 2376 1024 2424 nh
1057 2376 1175 2424 besvicene
1212 2390 1280 2439 poere
1316 2376 1353 2423 frti

246 2439 287 2513 Q.
333 2436 484 2512 Quassati
535 2445 619 2514 sunt,
665 2437 698 2500 id
741 2448 799 2516 θεῖ,
835 2438 941 2504 Judaei
981 2439 1037 2504 sed
1059 2439 1126 2504 noti
1140 2437 1184 2520 (P)
1208 2447 1283 2504 sunt
1312 2440 1353 2503 ab

203 2540 366 2616 piisirpordnn
374 2541 464 2602 lnrpvm

260 2613 394 2667 eretlcls.

371 2769 439 2801 noma
566 2751 586 2798 is
644 2758 723 2814 strong
763 2755 783 2813 'fi
827 2755 847 2801 ie
902 2754 989 2802 natahel

248 2817 287 2880 R.
334 2815 471 2901 Raguel,
492 2754 525 2878 ii
547 2822 605 2891 θεῖ,
628 2813 726 2891 fortis,
751 2815 783 2880 id
805 2827 854 2882 est
879 2816 1017 2881 Satnhel.

364 2968 456 3017 haelend
521 2967 540 3025 ’fi
590 2964 610 3011 is
686 2964 740 3012 crist
837 2965 891 3013 hael'
943 2964 1011 3014 εθῢθ
1059 2965 1162 3028 gehaelde
1226 2969 1344 3030 middang'

249 3034 280 3097 S.
329 3032 482 3105 Salvator,
514 3028 548 3090 id
570 3037 619 3090 est
642 3026 790 3092 Christus
815 3029 909 3094 ιῘθειιε
950 3028 1005 3114 qui
1042 3028 1173 3093 salvavit
1201 3032 1354 3095 mundum

203 3135 263 3184 &enh
327 3136 368 3182 rod

204 3220 262 3283 pel·
283 3219 418 3264 Crucem.

349 3350 444 3414 gehenld
553 3359 643 3398 streno
795 3347 856 3395 micil
986 3347 1041 3394 erist
1124 3345 1192 3394 εθδθ
1250 3347 1328 3410 gebaer

247 3414 288 3478 T.
334 3413 455 3476 Tenuit
494 3365 712 3477 fortituiinem
751 3431 897 3494 magnam
932 3409 1090 3484 Christus,
1128 3409 1182 3493 qui
1219 3411 1356 3495 portavit

205 3519 230 3565 in
241 3517 358 3578 middeng'
400 3515 460 3563 &enh
524 3517 578 3562 rode

205 3579 357 3644 mundum
403 3600 461 3663 per
484 3599 618 3643 crucem.

333 3737 479 3801 gesmenrvad
519 3699 568 3784 oeie
611 3735 702 3798 halgvm
745 3736 765 3794 ᾧ
813 3734 833 3781 is
865 3734 1013 3796 godeevn...
1111 3735 1161 3798 gefe

249 3803 289 3865 V.
344 3801 471 3864 Unctus
505 3799 575 3863 oleo
598 3808 716 3874 sancto,
739 3797 772 3860 id
794 3807 853 3873 est,
887 3796 993 3862 divina
1026 3796 1247 3862 misericordia.

342 3959 476 4006 f'edrifeno
509 3972 593 4006 voeron
641 3959 661 4016 ’fi
712 3955 732 4002 is
790 3953 889 4003 heeiiene
929 3956 966 4003 ῖτὸ
996 3957 1191 4019 vngelenffvlnisse

249 4023 293 4087 X.
339 4020 475 4106 Expulsi
516 4028 599 4095 sunt,
640 4019 673 4082 id
700 4027 759 4095 est,
775 4019 910 4102 gentiles
933 4021 973 4084 ab
1004 4019 1191 4085 infidelitate
1221 4043 1287 4086 sua.

356 4175 414 4222 ende
458 4173 563 4221 vorvldes
606 4174 625 4230 β
668 4172 688 4219 is
737 4171 801 4232 daege
849 4171 930 4220 domes⁴

248 4238 288 4300 Y.
336 4236 424 4302 Finis
450 4235 569 4311 saeculi,
592 4234 626 4297 id
648 4243 706 4310 θεῖ,
731 4233 799 4297 dies
823 4232 944 4316 judicii.
